
@phdtheses{tese_joao,
author       = "João Victor da Fonseca Pinto",
title        = "Filtragem Online Segmentada Baseada em Redes Neurais Operando na Informação de um CALORÍMETRO
de Altas Energias de Fina Granularidade",
school       = "Universidade Federal do Rio de Janeiro",
year         = "2022",
}


@phdtheses{tese_fabio_aguiar,
author       = "Fabio Silva Aguiar",
title        = "Redes Neurais Artificiais e Árvores de Classificação e Regressão para previsão do diagnóstico 
                de tuberculose pulmonar em pacientes hospitalizados",
school       = "Universidade Federal do Rio de Janeiro",
year         = "2013",
}


@article{paper_tb_som,
doi = {10.1007/s11517-016-1465-1},
url = {https://link.springer.com/article/10.1007/s11517-016-1465-1},
year = {2016},
month = {feb},
publisher = {},
author = {Aguiar, F.S., Torres, R.C., Pinto, J.V.F. et al.},
title = {Development of two artificial neural network models to support the diagnosis of pulmonary tuberculosis in hospitalized patients in Rio de Janeiro, Brazil.},
journal = {Med Biol Eng Comput},
}



@article{acat2016,
doi = {10.1088/1742-6596/762/1/012049},
url = {https://dx.doi.org/10.1088/1742-6596/762/1/012049},
year = {2016},
month = {oct},
publisher = {IOP Publishing},
volume = {762},
number = {1},
pages = {012049},
author = {João Victor da Fonseca Pinto and on behalf of the ATLAS Collaboration},
title = {Ring-shaped Calorimetry Information for a Neural Egamma Identification with ATLAS Detector},
journal = {Journal of Physics: Conference Series},
abstract = {This article presents the identification process of electrons based only on calorimeter information. It is based on the usage of ring-shaped description for a region of interest of the calorimeter which explores the shower shape propagation throughout the ATLAS calorimeters. This information is fed into a multivariate discriminator, currently an artificial neural network, responsible for hypothesis testing. The concept is evaluated for online selection (trigger), used for reducing storage rate into viable levels while preserving collision events containing desired signals. Preliminary results from Monte Carlo simulation data indicate that the background rejection can be reduced by as much as 50 % over the current method used in the High-Level Trigger, allowing for high-latency reconstruction algorithms such as tracking to run at a later stage of the trigger.}
}


@article{calor2018,
    author = "da Fonseca Pinto, Jo\~ao Victor",
    collaboration = "ATLAS",
    title = "{An Ensemble of Neural Networks for Online Filtering Implemented in the ATLAS Trigger System}",
    reportNumber = "ATL-DAQ-PROC-2018-016",
    doi = "10.1088/1742-6596/1162/1/012039",
    journal = "J. Phys. Conf. Ser.",
    volume = "1162",
    number = "1",
    pages = "012039",
    year = "2019"
}

@article{paper_egamma_run2,
	doi = {10.1140/epjc/s10052-019-7500-2},
	url = {https://doi.org/10.1140%2Fepjc%2Fs10052-019-7500-2},
	year = 2020,
	month = {jan},
	publisher = {Springer Science and Business Media {LLC}},
	volume = {80},
	number = {1},
	author = {G. Aad, et al.},
	title = {Performance of electron and photon triggers in {ATLAS} during {LHC} Run 2},
	journal = {The European Physical Journal C}
}


@misc{my_inspirehep,
title={Catálogo de artigos no \emph{Inspire HEP community}},
howpublished={\url{https://inspirehep.net/authors/1797158}},
note={acessado em novembro de 2022.},
}


@misc{my_orcid,
title={Catálogo de artigos públicados pelo ORDID 0000-0003-1746-1914},
howpublished={\url{https://orcid.org/0000-0003-1746-1914}},
note={acessado em novembro de 2022.},
}
