@article{ATLAS:2022aiy,
    author = "Aad, Georges and others",
    collaboration = "ATLAS",
    title = "{Study of $ {\mathrm{B}}_{\mathrm{c}}^{+}\to \mathrm{J}/\psi {\mathrm{D}}_{\mathrm{s}}^{+} $ and $ {\mathrm{B}}_{\mathrm{c}}^{+}\to \mathrm{J}/\psi {\mathrm{D}}_{\mathrm{s}}^{\ast +} $ decays in pp collisions at $ \sqrt{\mathrm{s}} $ = 13 TeV with the ATLAS detector}",
    eprint = "2203.01808",
    archivePrefix = "arXiv",
    primaryClass = "hep-ex",
    reportNumber = "CERN-EP-2022-025",
    doi = "10.1007/JHEP08(2022)087",
    journal = "JHEP",
    volume = "08",
    pages = "087",
    year = "2022"
}

@article{ATLAS:2022zhj,
    author = "Aad, Georges and others",
    collaboration = "ATLAS",
    title = "{Search for neutral long-lived particles in $pp$ collisions at $ \sqrt{s} $ = 13 TeV that decay into displaced hadronic jets in the ATLAS calorimeter}",
    eprint = "2203.01009",
    archivePrefix = "arXiv",
    primaryClass = "hep-ex",
    reportNumber = "CERN-EP-2022-002",
    doi = "10.1007/JHEP06(2022)005",
    journal = "JHEP",
    volume = "06",
    pages = "005",
    year = "2022"
}

@article{ATLAS:2022gbw,
    author = "Aad, Georges and others",
    collaboration = "ATLAS",
    title = "{Search for events with a pair of displaced vertices from long-lived neutral particles decaying into hadronic jets in the ATLAS muon spectrometer in pp collisions at $\sqrt s$=13\,\,TeV}",
    eprint = "2203.00587",
    archivePrefix = "arXiv",
    primaryClass = "hep-ex",
    reportNumber = "CERN-EP-2021-195",
    doi = "10.1103/PhysRevD.106.032005",
    journal = "Phys. Rev. D",
    volume = "106",
    number = "3",
    pages = "032005",
    year = "2022"
}

@article{ATLAS:2022miz,
    author = "Aad, Georges and others",
    collaboration = "ATLAS",
    title = "{Measurements of jet observables sensitive to b-quark fragmentation in tt\textasciimacron{} events at the LHC with the ATLAS detector}",
    eprint = "2202.13901",
    archivePrefix = "arXiv",
    primaryClass = "hep-ex",
    reportNumber = "CERN-EP-2021-116",
    doi = "10.1103/PhysRevD.106.032008",
    journal = "Phys. Rev. D",
    volume = "106",
    number = "3",
    pages = "032008",
    year = "2022"
}

@article{ATLAS:2022xfj,
    author = "Aad, Georges and others",
    collaboration = "ATLAS",
    title = "{Measurements of differential cross-sections in top-quark pair events with a high transverse momentum top quark and limits on beyond the Standard Model contributions to top-quark pair production with the ATLAS detector at $ \sqrt{s} $ = 13 TeV}",
    eprint = "2202.12134",
    archivePrefix = "arXiv",
    primaryClass = "hep-ex",
    reportNumber = "CERN-EP-2022-003",
    doi = "10.1007/JHEP06(2022)063",
    journal = "JHEP",
    volume = "06",
    pages = "063",
    year = "2022"
}

@article{ATLAS:2022yvh,
    author = "Aad, Georges and others",
    collaboration = "ATLAS",
    title = "{Search for invisible Higgs-boson decays in events with vector-boson fusion signatures using 139 fb$^{-1}$ of proton-proton data recorded by the ATLAS experiment}",
    eprint = "2202.07953",
    archivePrefix = "arXiv",
    primaryClass = "hep-ex",
    reportNumber = "CERN-EP-2021-258",
    doi = "10.1007/JHEP08(2022)104",
    journal = "JHEP",
    volume = "08",
    pages = "104",
    year = "2022"
}

@article{ATLAS:2022hwc,
    author = "Aad, Georges and others",
    collaboration = "ATLAS",
    title = "{Search for resonant pair production of Higgs bosons in the $b\bar{b}b\bar{b}$ final state using $pp$ collisions at $\sqrt{s}$ = 13 TeV with the ATLAS detector}",
    eprint = "2202.07288",
    archivePrefix = "arXiv",
    primaryClass = "hep-ex",
    reportNumber = "CERN-EP-2021-229",
    doi = "10.1103/PhysRevD.105.092002",
    journal = "Phys. Rev. D",
    volume = "105",
    number = "9",
    pages = "092002",
    year = "2022"
}

@article{ATLAS:2022yhd,
    author = "Aad, Georges and others",
    collaboration = "ATLAS",
    title = "{Search for type-III seesaw heavy leptons in leptonic final states in pp collisions at $\sqrt{s} = 13~\text {TeV}$ with the ATLAS detector}",
    eprint = "2202.02039",
    archivePrefix = "arXiv",
    primaryClass = "hep-ex",
    reportNumber = "CERN-EP-2021-211",
    doi = "10.1140/epjc/s10052-022-10785-0",
    journal = "Eur. Phys. J. C",
    volume = "82",
    number = "11",
    pages = "988",
    year = "2022"
}

@article{ATLAS:2022wvk,
    author = "Aad, Georges and others",
    collaboration = "ATLAS",
    title = "{Two-particle Bose\textendash{}Einstein correlations in ${ pp }$ collisions at $\mathbf {\sqrt{s} = 13}$~TeV measured with the ATLAS detector at the LHC}",
    eprint = "2202.02218",
    archivePrefix = "arXiv",
    primaryClass = "hep-ex",
    reportNumber = "CERN-EP-2021-172",
    doi = "10.1140/epjc/s10052-022-10472-0",
    journal = "Eur. Phys. J. C",
    volume = "82",
    number = "7",
    pages = "608",
    year = "2022"
}

@article{ATLAS:2022fnp,
    author = "Aad, Georges and others",
    collaboration = "ATLAS",
    title = "{Measurements of the Higgs boson inclusive and differential fiducial cross-sections in the diphoton decay channel with pp collisions at $ \sqrt{s} $ = 13 TeV with the ATLAS detector}",
    eprint = "2202.00487",
    archivePrefix = "arXiv",
    primaryClass = "hep-ex",
    reportNumber = "CERN-EP-2021-227",
    doi = "10.1007/JHEP08(2022)027",
    journal = "JHEP",
    volume = "08",
    pages = "027",
    year = "2022"
}

@article{ATLAS:2022xnu,
    author = "Aad, G. and others",
    collaboration = "ATLAS",
    title = "{Observation of $WWW$ Production in $pp$ Collisions at $\sqrt s$ =13\,\,TeV with the ATLAS Detector}",
    eprint = "2201.13045",
    archivePrefix = "arXiv",
    primaryClass = "hep-ex",
    reportNumber = "CERN-EP-2021-243",
    doi = "10.1103/PhysRevLett.129.061803",
    journal = "Phys. Rev. Lett.",
    volume = "129",
    number = "6",
    pages = "061803",
    year = "2022"
}

@article{ATLAS:2022ers,
    author = "Aad, Georges and others",
    collaboration = "ATLAS",
    title = "{Direct constraint on the Higgs-charm coupling from a search for Higgs boson decays into charm quarks with the ATLAS detector}",
    eprint = "2201.11428",
    archivePrefix = "arXiv",
    primaryClass = "hep-ex",
    reportNumber = "CERN-EP-2021-251",
    doi = "10.1140/epjc/s10052-022-10588-3",
    journal = "Eur. Phys. J. C",
    volume = "82",
    pages = "717",
    year = "2022"
}

@article{ATLAS:2022yrq,
    author = "Aad, Georges and others",
    collaboration = "ATLAS",
    title = "{Measurements of Higgs boson production cross-sections in the~$H\to\tau^{+}\tau^{-}$ decay channel in pp collisions at $ \sqrt{s} $ = 13 TeV with the ATLAS detector}",
    eprint = "2201.08269",
    archivePrefix = "arXiv",
    primaryClass = "hep-ex",
    reportNumber = "CERN-EP-2021-217",
    doi = "10.1007/JHEP08(2022)175",
    journal = "JHEP",
    volume = "08",
    pages = "175",
    year = "2022"
}

@article{ATLAS:2022ozf,
    author = "Aad, Georges and others",
    collaboration = "ATLAS",
    title = "{Search for single production of a vectorlike $T$ quark decaying into a Higgs boson and top quark with fully hadronic final states using the ATLAS detector}",
    eprint = "2201.07045",
    archivePrefix = "arXiv",
    primaryClass = "hep-ex",
    reportNumber = "CERN-EP-2021-249",
    doi = "10.1103/PhysRevD.105.092012",
    journal = "Phys. Rev. D",
    volume = "105",
    number = "9",
    pages = "092012",
    year = "2022"
}

@article{ATLAS:2022rme,
    author = "Aad, Georges and others",
    collaboration = "ATLAS",
    title = "{Search for long-lived charginos based on a disappearing-track signature using 136 fb$^{-1}$ of pp collisions at $\sqrt{s}$~=~13~TeV with the ATLAS detector}",
    eprint = "2201.02472",
    archivePrefix = "arXiv",
    primaryClass = "hep-ex",
    reportNumber = "CERN-EP-2021-209",
    doi = "10.1140/epjc/s10052-022-10489-5",
    journal = "Eur. Phys. J. C",
    volume = "82",
    number = "7",
    pages = "606",
    year = "2022"
}

@article{ATLAS:2021ifb,
    author = "Aad, Georges and others",
    collaboration = "ATLAS",
    title = "{Search for Higgs boson pair production in the two bottom quarks plus two photons final state in $pp$ collisions at $\sqrt{s}=13$ TeV with the ATLAS detector}",
    eprint = "2112.11876",
    archivePrefix = "arXiv",
    primaryClass = "hep-ex",
    reportNumber = "CERN-EP-2021-180",
    doi = "10.1103/PhysRevD.106.052001",
    journal = "Phys. Rev. D",
    volume = "106",
    number = "5",
    pages = "052001",
    year = "2022"
}

@article{ATLAS:2021vod,
    author = "Aad, Georges and others",
    collaboration = "ATLAS",
    title = "{Determination of the parton distribution functions of the proton using diverse ATLAS data from $pp$ collisions at $\sqrt{s} = 7$, 8 and 13~TeV}",
    eprint = "2112.11266",
    archivePrefix = "arXiv",
    primaryClass = "hep-ex",
    reportNumber = "CERN-EP-2021-239",
    doi = "10.1140/epjc/s10052-022-10217-z",
    journal = "Eur. Phys. J. C",
    volume = "82",
    number = "5",
    pages = "438",
    year = "2022"
}

@article{ATLAS:2021yza,
    author = "Aad, Georges and others",
    collaboration = "ATLAS",
    title = "{Modelling and computational improvements to the simulation of single vector-boson plus jet processes for the ATLAS experiment}",
    eprint = "2112.09588",
    archivePrefix = "arXiv",
    primaryClass = "hep-ex",
    reportNumber = "CERN-EP-2021-231",
    doi = "10.1007/JHEP08(2022)089",
    journal = "JHEP",
    volume = "08",
    pages = "089",
    year = "2022"
}

@article{ATLAS:2021tar,
    author = "Aad, Georges and others",
    collaboration = "ATLAS",
    title = "{A search for an unexpected asymmetry in the production of e+\ensuremath{\mu}\ensuremath{-} and e\ensuremath{-}\ensuremath{\mu}+ pairs in proton\textendash{}proton collisions recorded by the ATLAS detector at s=13 TeV}",
    eprint = "2112.08090",
    archivePrefix = "arXiv",
    primaryClass = "hep-ex",
    reportNumber = "CERN-EP-2021-190",
    doi = "10.1016/j.physletb.2022.137106",
    journal = "Phys. Lett. B",
    volume = "830",
    pages = "137106",
    year = "2022"
}

@article{ATLAS:2021amo,
    author = "Aad, Georges and others",
    collaboration = "ATLAS",
    title = "{Search for flavour-changing neutral-current interactions of a top quark and a gluon in pp collisions at $\sqrt{s}=13$~TeV with the ATLAS detector}",
    eprint = "2112.01302",
    archivePrefix = "arXiv",
    primaryClass = "hep-ex",
    reportNumber = "CERN-EP-2021-234",
    doi = "10.1140/epjc/s10052-022-10182-7",
    journal = "Eur. Phys. J. C",
    volume = "82",
    number = "4",
    pages = "334",
    year = "2022"
}

@article{ATLAS:2021gcn,
    author = "Aad, Georges and others",
    collaboration = "ATLAS",
    title = "{Search for associated production of a $Z$ boson with an invisibly decaying Higgs boson or dark matter candidates at $\sqrt s$ =13 TeV with the ATLAS detector}",
    eprint = "2111.08372",
    archivePrefix = "arXiv",
    primaryClass = "hep-ex",
    reportNumber = "CERN-EP-2021-204",
    doi = "10.1016/j.physletb.2022.137066",
    journal = "Phys. Lett. B",
    volume = "829",
    pages = "137066",
    year = "2022"
}

@article{ATLAS:2021tbi,
    author = "Aad, Georges and others",
    collaboration = "ATLAS",
    title = "{Constraints on Higgs boson production with large transverse momentum using H\textrightarrow{}bb\textasciimacron{} decays in the ATLAS detector}",
    eprint = "2111.08340",
    archivePrefix = "arXiv",
    primaryClass = "hep-ex",
    reportNumber = "CERN-EP-2021-185",
    doi = "10.1103/PhysRevD.105.092003",
    journal = "Phys. Rev. D",
    volume = "105",
    number = "9",
    pages = "092003",
    year = "2022"
}

@article{ATLAS:2021ktw,
    author = "Aad, Georges and others",
    collaboration = "ATLAS",
    title = "{Measurements of azimuthal anisotropies of jet production in Pb+Pb collisions at $\sqrt{s_{NN}} =$ 5.02 TeV with the ATLAS detector}",
    eprint = "2111.06606",
    archivePrefix = "arXiv",
    primaryClass = "nucl-ex",
    reportNumber = "CERN-EP-2021-218",
    doi = "10.1103/PhysRevC.105.064903",
    journal = "Phys. Rev. C",
    volume = "105",
    number = "6",
    pages = "064903",
    year = "2022"
}

@article{ATLAS:2021qou,
    author = "Aad, Georges and others",
    collaboration = "ATLAS",
    title = "{Measurement of Higgs boson decay into $b$-quarks in associated production with a top-quark pair in $pp$ collisions at $\sqrt{s}=13$ TeV with the ATLAS detector}",
    eprint = "2111.06712",
    archivePrefix = "arXiv",
    primaryClass = "hep-ex",
    reportNumber = "CERN-EP-2021-202",
    doi = "10.1007/JHEP06(2022)097",
    journal = "JHEP",
    volume = "06",
    pages = "097",
    year = "2022"
}

@article{ATLAS:2021ldb,
    author = "Aad, Georges and others",
    collaboration = "ATLAS",
    title = "{Search for Higgs bosons decaying into new spin-0 or spin-1 particles in four-lepton final states with the ATLAS detector with 139 fb$^{-1}$ of $pp$ collision data at $\sqrt{s}=13$ TeV}",
    eprint = "2110.13673",
    archivePrefix = "arXiv",
    primaryClass = "hep-ex",
    reportNumber = "CERN-EP-2021-193",
    doi = "10.1007/JHEP03(2022)041",
    journal = "JHEP",
    volume = "03",
    pages = "041",
    year = "2022"
}

@article{ATLAS:2021dqb,
    author = "Aad, Georges and others",
    collaboration = "ATLAS",
    title = "{Measurement of the energy asymmetry in $t{\bar{t}}j$ production at $13\,$TeV with the ATLAS experiment and interpretation in the SMEFT framework}",
    eprint = "2110.05453",
    archivePrefix = "arXiv",
    primaryClass = "hep-ex",
    reportNumber = "CERN-EP-2021-181",
    doi = "10.1140/epjc/s10052-022-10101-w",
    journal = "Eur. Phys. J. C",
    volume = "82",
    number = "4",
    pages = "374",
    year = "2022"
}

@article{ATLAS:2021hbr,
    author = "Aad, Georges and others",
    collaboration = "ATLAS",
    title = "{Search for Higgs boson decays into a pair of pseudoscalar particles in the $bb\mu\mu$ final state with the ATLAS detector in $pp$ collisions at $\sqrt s$=13\,\,TeV}",
    eprint = "2110.00313",
    archivePrefix = "arXiv",
    primaryClass = "hep-ex",
    reportNumber = "CERN-EP-2021-157",
    doi = "10.1103/PhysRevD.105.012006",
    journal = "Phys. Rev. D",
    volume = "105",
    number = "1",
    pages = "012006",
    year = "2022"
}

@article{ATLAS:2021pkb,
    author = "Aad, Georges and others",
    collaboration = "ATLAS",
    title = "{Constraints on Higgs boson properties using $WW^{*}(\rightarrow e\nu \mu \nu )jj$ production in $36.1\,\mathrm{fb}^{-1}$ of $\sqrt{s}=13$~TeV pp collisions with the ATLAS detector}",
    eprint = "2109.13808",
    archivePrefix = "arXiv",
    primaryClass = "hep-ex",
    reportNumber = "CERN-EP-2021-096",
    doi = "10.1140/epjc/s10052-022-10366-1",
    journal = "Eur. Phys. J. C",
    volume = "82",
    number = "7",
    pages = "622",
    year = "2022"
}

@article{ATLAS:2021cxe,
    author = "Aad, Georges and others",
    collaboration = "ATLAS",
    title = "{Measurement of the c-jet mistagging efficiency in $t\bar{t}$~events using pp collision data at $\sqrt{s}=13$~$\text {TeV}$ collected with the ATLAS detector}",
    eprint = "2109.10627",
    archivePrefix = "arXiv",
    primaryClass = "hep-ex",
    reportNumber = "CERN-EP-2021-166",
    doi = "10.1140/epjc/s10052-021-09843-w",
    journal = "Eur. Phys. J. C",
    volume = "82",
    number = "1",
    pages = "95",
    year = "2022"
}

@article{ATLAS:2021edm,
    author = "Aad, Georges and others",
    collaboration = "ATLAS",
    title = "{Search for exotic decays of the Higgs boson into b$ \overline{b} $ and missing transverse momentum in pp collisions at $ \sqrt{s} $ = 13 TeV with the ATLAS detector}",
    eprint = "2109.02447",
    archivePrefix = "arXiv",
    primaryClass = "hep-ex",
    reportNumber = "CERN-EP-2021-098",
    doi = "10.1007/JHEP01(2022)063",
    journal = "JHEP",
    volume = "01",
    pages = "063",
    year = "2022"
}

@article{ATLAS:2021zxb,
    author = "Aad, Georges and others",
    collaboration = "ATLAS",
    title = "{Operation and performance of the ATLAS semiconductor tracker in LHC Run~2}",
    eprint = "2109.02591",
    archivePrefix = "arXiv",
    primaryClass = "physics.ins-det",
    reportNumber = "CERN-EP-2021-178",
    doi = "10.1088/1748-0221/17/01/P01013",
    journal = "JINST",
    volume = "17",
    number = "01",
    pages = "P01013",
    year = "2022"
}

@article{ATLAS:2021pzo,
    author = "Aad, Georges and others",
    collaboration = "ATLAS",
    title = "{AtlFast3: the next generation of fast simulation in ATLAS}",
    eprint = "2109.02551",
    archivePrefix = "arXiv",
    primaryClass = "hep-ex",
    reportNumber = "CERN-EP-2021-174",
    doi = "10.1007/s41781-021-00079-7",
    journal = "Comput. Softw. Big Sci.",
    volume = "6",
    pages = "7",
    year = "2022"
}

@article{ATLAS:2021pdg,
    author = "Aad, Georges and others",
    collaboration = "ATLAS",
    title = "{Observation of electroweak production of two jets in association with an isolated photon and missing transverse momentum, and search for a Higgs boson decaying into invisible particles at 13~$\text {TeV}$ with the ATLAS detector}",
    eprint = "2109.00925",
    archivePrefix = "arXiv",
    primaryClass = "hep-ex",
    doi = "10.1140/epjc/s10052-021-09878-z",
    journal = "Eur. Phys. J. C",
    volume = "82",
    number = "2",
    pages = "105",
    year = "2022"
}

@article{ATLAS:2021shl,
    author = "Aad, Georges and others",
    collaboration = "ATLAS",
    title = "{Search for dark matter produced in association with a Standard Model Higgs boson decaying into b-quarks using the full Run 2 dataset from the ATLAS detector}",
    eprint = "2108.13391",
    archivePrefix = "arXiv",
    primaryClass = "hep-ex",
    reportNumber = "CERN-EP-2021-074",
    doi = "10.1007/JHEP11(2021)209",
    journal = "JHEP",
    volume = "11",
    pages = "209",
    year = "2021"
}

@article{ATLAS:2021agf,
    author = "Aad, Georges and others",
    collaboration = "ATLAS",
    title = "{Measurement of $b$-quark fragmentation properties in jets using the decay $B^{\pm} \to J/\psi K^{\pm}$ in $pp$ collisions at $ \sqrt{s} $ = 13 TeV with the ATLAS detector}",
    eprint = "2108.11650",
    archivePrefix = "arXiv",
    primaryClass = "hep-ex",
    reportNumber = "CERN-EP-2021-123",
    doi = "10.1007/JHEP12(2021)131",
    journal = "JHEP",
    volume = "12",
    pages = "131",
    year = "2021"
}

@article{ATLAS:2021suo,
    author = "Aad, Georges and others",
    collaboration = "ATLAS",
    title = "{Search for heavy particles in the $b$-tagged dijet mass distribution with additional $b$-tagged jets in proton-proton collisions at $\sqrt s$= 13\,\,TeV with the ATLAS experiment}",
    eprint = "2108.09059",
    archivePrefix = "arXiv",
    primaryClass = "hep-ex",
    reportNumber = "CERN-EP-2021-119",
    doi = "10.1103/PhysRevD.105.012001",
    journal = "Phys. Rev. D",
    volume = "105",
    number = "1",
    pages = "012001",
    year = "2022"
}

@article{ATLAS:2021epk,
    author = "Aad, Georges and others",
    collaboration = "ATLAS",
    title = "{Measurement of the energy response of the ATLAS~calorimeter to charged~pions from $W^{\pm }\rightarrow \tau ^{\pm }(\rightarrow \pi ^{\pm }\nu _{\tau })\nu _{\tau }$ events in Run~2 data}",
    eprint = "2108.09043",
    archivePrefix = "arXiv",
    primaryClass = "hep-ex",
    reportNumber = "CERN-EP-2021-147",
    doi = "10.1140/epjc/s10052-022-10117-2",
    journal = "Eur. Phys. J. C",
    volume = "82",
    number = "3",
    pages = "223",
    year = "2022"
}

@article{ATLAS:2021yqv,
    author = "Aad, Georges and others",
    collaboration = "ATLAS",
    title = "{Search for charginos and neutralinos in final states with two boosted hadronically decaying bosons and missing transverse momentum in $pp$ collisions at $\sqrt {s}$ = 13\,\,TeV with the ATLAS detector}",
    eprint = "2108.07586",
    archivePrefix = "arXiv",
    primaryClass = "hep-ex",
    reportNumber = "CERN-EP-2021-127",
    doi = "10.1103/PhysRevD.104.112010",
    journal = "Phys. Rev. D",
    volume = "104",
    number = "11",
    pages = "112010",
    year = "2021"
}

@article{ATLAS:2021jyv,
    author = "Aad, Georges and others",
    collaboration = "ATLAS",
    title = "{Search for new phenomena in $pp$ collisions in final states with tau leptons, b-jets, and missing transverse momentum with the ATLAS detector}",
    eprint = "2108.07665",
    archivePrefix = "arXiv",
    primaryClass = "hep-ex",
    reportNumber = "CERN-EP-2021-118",
    doi = "10.1103/PhysRevD.104.112005",
    journal = "Phys. Rev. D",
    volume = "104",
    number = "11",
    pages = "112005",
    year = "2021"
}

@article{ATLAS:2021mbt,
    author = "Aad, Georges and others",
    collaboration = "ATLAS",
    title = "{Measurement of the production cross section of pairs of isolated photons in $pp$ collisions at 13 TeV with the ATLAS detector}",
    eprint = "2107.09330",
    archivePrefix = "arXiv",
    primaryClass = "hep-ex",
    reportNumber = "CERN-EP-2021-105",
    doi = "10.1007/JHEP11(2021)169",
    journal = "JHEP",
    volume = "11",
    pages = "169",
    year = "2021"
}

@article{ATLAS:2021jig,
    author = "Aad, Georges and others",
    collaboration = "ATLAS",
    title = "{Search for exotic decays of the Higgs boson into long-lived particles in $pp$ collisions at $ \sqrt{s} $ = 13 TeV using displaced vertices in the ATLAS inner detector}",
    eprint = "2107.06092",
    archivePrefix = "arXiv",
    primaryClass = "hep-ex",
    doi = "10.1007/JHEP11(2021)229",
    journal = "JHEP",
    volume = "11",
    pages = "229",
    year = "2021"
}

@article{ATLAS:2021lws,
    author = "Aad, Georges and others",
    collaboration = "ATLAS",
    title = "{The ATLAS inner detector trigger performance in pp collisions at 13~TeV during LHC Run 2}",
    eprint = "2107.02485",
    archivePrefix = "arXiv",
    primaryClass = "hep-ex",
    reportNumber = "CERN-EP-2021-076",
    doi = "10.1140/epjc/s10052-021-09920-0",
    journal = "Eur. Phys. J. C",
    volume = "82",
    number = "3",
    pages = "206",
    year = "2022"
}

@article{ATLAS:2021wob,
    author = "Aad, Georges and others",
    collaboration = "ATLAS",
    title = "{Search for new phenomena in three- or four-lepton events in $pp$ collisions at $\sqrt s$ =13 TeV with the ATLAS detector}",
    eprint = "2107.00404",
    archivePrefix = "arXiv",
    primaryClass = "hep-ex",
    reportNumber = "CERN-EP-2021-063",
    doi = "10.1016/j.physletb.2021.136832",
    journal = "Phys. Lett. B",
    volume = "824",
    pages = "136832",
    year = "2022"
}

@article{ATLAS:2021kqb,
    author = "Aad, Georges and others",
    collaboration = "ATLAS",
    title = "{Measurement of the t$ \overline{t} $t$ \overline{t} $ production cross section in $pp$ collisions at $ \sqrt{s} $ = 13 TeV with the ATLAS detector}",
    eprint = "2106.11683",
    archivePrefix = "arXiv",
    primaryClass = "hep-ex",
    reportNumber = "CERN-EP-2021-075",
    doi = "10.1007/JHEP11(2021)118",
    journal = "JHEP",
    volume = "11",
    pages = "118",
    year = "2021"
}

@article{ATLAS:2021fbt,
    author = "Aad, Georges and others",
    collaboration = "ATLAS",
    title = "{Search for R-parity-violating supersymmetry in a final state containing leptons and many jets with the ATLAS experiment using $\sqrt{s} = 13 { TeV}$ proton\textendash{}proton collision data}",
    eprint = "2106.09609",
    archivePrefix = "arXiv",
    primaryClass = "hep-ex",
    reportNumber = "CERN-EP-2021-066",
    doi = "10.1140/epjc/s10052-021-09761-x",
    journal = "Eur. Phys. J. C",
    volume = "81",
    number = "11",
    pages = "1023",
    year = "2021"
}

@article{ATLAS:2021gld,
    author = "Aad, Georges and others",
    collaboration = "ATLAS",
    title = "{Measurements of sensor radiation damage in the ATLAS inner detector using leakage currents}",
    eprint = "2106.09287",
    archivePrefix = "arXiv",
    primaryClass = "hep-ex",
    reportNumber = "CERN-EP-2021-055",
    doi = "10.1088/1748-0221/16/08/P08025",
    journal = "JINST",
    volume = "16",
    pages = "P08025",
    year = "2021"
}

@article{ATLAS:2021piz,
    author = "Aad, Georges and others",
    collaboration = "ATLAS",
    title = "{Configuration and performance of the ATLAS $b$-jet triggers in Run 2}",
    eprint = "2106.03584",
    archivePrefix = "arXiv",
    primaryClass = "hep-ex",
    reportNumber = "CERN-EP-2021-032",
    doi = "10.1140/epjc/s10052-021-09775-5",
    journal = "Eur. Phys. J. C",
    volume = "81",
    number = "12",
    pages = "1087",
    year = "2021"
}

@article{ATLAS:2021moa,
    author = "Aad, Georges and others",
    collaboration = "ATLAS",
    title = "{Search for chargino\textendash{}neutralino pair production in final states with three leptons and missing transverse momentum in $\sqrt{s} = 13$~TeV pp collisions with the ATLAS detector}",
    eprint = "2106.01676",
    archivePrefix = "arXiv",
    primaryClass = "hep-ex",
    reportNumber = "CERN-EP-2021-059",
    doi = "10.1140/epjc/s10052-021-09749-7",
    journal = "Eur. Phys. J. C",
    volume = "81",
    number = "12",
    pages = "1118",
    year = "2021"
}

@article{ATLAS:2021mla,
    author = "Aad, Georges and others",
    collaboration = "ATLAS",
    title = "{Search for New Phenomena in Final States with Two Leptons and One or No $b$-Tagged Jets at $\sqrt{s} = 13$ TeV Using the ATLAS Detector}",
    eprint = "2105.13847",
    archivePrefix = "arXiv",
    primaryClass = "hep-ex",
    reportNumber = "CERN-EP-2021-065",
    doi = "10.1103/PhysRevLett.127.141801",
    journal = "Phys. Rev. Lett.",
    volume = "127",
    number = "14",
    pages = "141801",
    year = "2021"
}

@article{ATLAS:2021bdj,
    author = "Aad, Georges and others",
    collaboration = "ATLAS",
    title = "{Search for lepton-flavor-violation in $Z$-boson decays with $\tau$-leptons with the ATLAS detector}",
    eprint = "2105.12491",
    archivePrefix = "arXiv",
    primaryClass = "hep-ex",
    reportNumber = "CERN-EP-2021-067",
    doi = "10.1103/PhysRevLett.127.271801",
    journal = "Phys. Rev. Lett.",
    volume = "127",
    pages = "271801",
    year = "2022"
}

@article{ATLAS:2021tnq,
    author = "Aad, Georges and others",
    collaboration = "ATLAS",
    title = "{Performance of the ATLAS Level-1 topological trigger in Run~2}",
    eprint = "2105.01416",
    archivePrefix = "arXiv",
    primaryClass = "hep-ex",
    reportNumber = "CERN-EP-2021-040",
    doi = "10.1140/epjc/s10052-021-09807-0",
    journal = "Eur. Phys. J. C",
    volume = "82",
    number = "1",
    pages = "7",
    year = "2022"
}

@article{ATLAS:2021jbf,
    author = "Aad, Georges and others",
    collaboration = "ATLAS",
    title = "{Search for dark matter in events with missing transverse momentum and a Higgs boson decaying into two photons in pp collisions at $ \sqrt{s} $ = 13 TeV with the ATLAS detector}",
    eprint = "2104.13240",
    archivePrefix = "arXiv",
    primaryClass = "hep-ex",
    reportNumber = "CERN-EP-2021-012",
    doi = "10.1007/JHEP10(2021)013",
    journal = "JHEP",
    volume = "10",
    pages = "013",
    year = "2021"
}

@article{ATLAS:2021mdj,
    author = "Aad, Georges and others",
    collaboration = "ATLAS",
    title = "{A search for the decays of stopped long-lived particles at $ \sqrt{\mathrm{s}} $ = 13 TeV with the ATLAS detector}",
    eprint = "2104.03050",
    archivePrefix = "arXiv",
    primaryClass = "hep-ex",
    reportNumber = "CERN-EP-2021-041",
    doi = "10.1007/JHEP07(2021)173",
    journal = "JHEP",
    volume = "07",
    pages = "173",
    year = "2021"
}

@article{ATLAS:2021fzm,
    author = "Aad, Georges and others",
    collaboration = "ATLAS",
    title = "{Measurements of the inclusive and differential production cross sections of a top-quark\textendash{}antiquark pair in association with a Z~boson at $\sqrt{s} = 13$~TeV with the ATLAS detector}",
    eprint = "2103.12603",
    archivePrefix = "arXiv",
    primaryClass = "hep-ex",
    reportNumber = "CERN-EP-2021-01",
    doi = "10.1140/epjc/s10052-021-09439-4",
    journal = "Eur. Phys. J. C",
    volume = "81",
    number = "8",
    pages = "737",
    year = "2021"
}

@article{ATLAS:2021yyr,
    author = "Aad, Georges and others",
    collaboration = "ATLAS",
    title = "{Search for supersymmetry in events with four or more charged leptons in 139 fb$^{−1}$ of $ \sqrt{s} $ = 13 TeV pp collisions with the ATLAS detector}",
    eprint = "2103.11684",
    archivePrefix = "arXiv",
    primaryClass = "hep-ex",
    reportNumber = "CERN-EP-2021-021",
    doi = "10.1007/JHEP07(2021)167",
    journal = "JHEP",
    volume = "07",
    pages = "167",
    year = "2021"
}

@article{ATLAS:2021wwb,
    author = "Aad, Georges and others",
    collaboration = "ATLAS",
    title = "{Evidence for Higgs boson decays to a low-mass dilepton system and a photon in pp collisions at s=13 TeV with the ATLAS detector}",
    eprint = "2103.10322",
    archivePrefix = "arXiv",
    primaryClass = "hep-ex",
    reportNumber = "CERN-EP-2021-035",
    doi = "10.1016/j.physletb.2021.136412",
    journal = "Phys. Lett. B",
    volume = "819",
    pages = "136412",
    year = "2021"
}

@article{ATLAS:2021jgw,
    author = "Aad, Georges and others",
    collaboration = "ATLAS",
    title = "{Measurements of $W^+W^-+\ge 1~$jet production cross-sections in $pp$ collisions at $\sqrt{s}=13~$TeV with the ATLAS detector}",
    eprint = "2103.10319",
    archivePrefix = "arXiv",
    primaryClass = "hep-ex",
    reportNumber = "CERN-EP-2021-030",
    doi = "10.1007/JHEP06(2021)003",
    journal = "JHEP",
    volume = "06",
    pages = "003",
    year = "2021"
}

@article{ATLAS:2021pzz,
    author = "Aad, Georges and others",
    collaboration = "ATLAS",
    title = "{Search for bottom-squark pair production in $pp$ collision events at $\sqrt{s} = 13$ TeV with hadronically decaying $\tau$-leptons, $b$-jets and missing transverse momentum using the ATLAS detector}",
    eprint = "2103.08189",
    archivePrefix = "arXiv",
    primaryClass = "hep-ex",
    reportNumber = "CERN-EP-2020-235",
    doi = "10.1103/PhysRevD.104.032014",
    journal = "Phys. Rev. D",
    volume = "104",
    number = "3",
    pages = "032014",
    year = "2021"
}

@article{ATLAS:2021kog,
    author = "Aad, Georges and others",
    collaboration = "ATLAS",
    title = "{Measurements of differential cross-sections in four-lepton events in 13 TeV proton-proton collisions with the ATLAS detector}",
    eprint = "2103.01918",
    archivePrefix = "arXiv",
    primaryClass = "hep-ex",
    reportNumber = "CERN-EP-2021-019",
    doi = "10.1007/JHEP07(2021)005",
    journal = "JHEP",
    volume = "07",
    pages = "005",
    year = "2021"
}

@article{ATLAS:2021uiz,
    author = "Aad, Georges and others",
    collaboration = "ATLAS",
    title = "{Search for resonances decaying into photon pairs in 139 fb$^{-1}$ of $pp$ collisions at $\sqrt {s}$=13 TeV with the ATLAS detector}",
    eprint = "2102.13405",
    archivePrefix = "arXiv",
    primaryClass = "hep-ex",
    reportNumber = "CERN-EP-2020-248",
    doi = "10.1016/j.physletb.2021.136651",
    journal = "Phys. Lett. B",
    volume = "822",
    pages = "136651",
    year = "2021"
}

@article{ATLAS:2021pft,
    author = "Aad, Georges and others",
    collaboration = "ATLAS",
    title = "{Performance of the ATLAS RPC detector and Level-1 muon barrel trigger at $\sqrt{s}=13$ TeV}",
    eprint = "2103.01029",
    archivePrefix = "arXiv",
    primaryClass = "physics.ins-det",
    reportNumber = "CERN-EP-2020-245",
    doi = "10.1088/1748-0221/16/07/P07029",
    journal = "JINST",
    volume = "16",
    number = "07",
    pages = "P07029",
    year = "2021"
}

@article{ATLAS:2021kxv,
    author = "Aad, Georges and others",
    collaboration = "ATLAS",
    title = "{Search for new phenomena in events with an energetic jet and missing transverse momentum in $pp$ collisions at $\sqrt {s}$ =13  TeV with the ATLAS detector}",
    eprint = "2102.10874",
    archivePrefix = "arXiv",
    primaryClass = "hep-ex",
    reportNumber = "CERN-EP-2020-238",
    doi = "10.1103/PhysRevD.103.112006",
    journal = "Phys. Rev. D",
    volume = "103",
    number = "11",
    pages = "112006",
    year = "2021"
}

@article{ATLAS:2021upq,
    author = "Aad, Georges and others",
    collaboration = "ATLAS",
    title = "{Search for charged Higgs bosons decaying into a top quark and a bottom quark at $ \sqrt{\mathrm{s}} $ = 13 TeV with the ATLAS detector}",
    eprint = "2102.10076",
    archivePrefix = "arXiv",
    primaryClass = "hep-ex",
    reportNumber = "CERN-EP-2021-004",
    doi = "10.1007/JHEP06(2021)145",
    journal = "JHEP",
    volume = "06",
    pages = "145",
    year = "2021"
}

@article{ATLAS:2021ija,
    author = "Aad, Georges and others",
    collaboration = "ATLAS",
    title = "{Emulating the impact of additional proton\textendash{}proton interactions in the ATLAS simulation by presampling sets of inelastic Monte Carlo events}",
    eprint = "2102.09495",
    archivePrefix = "arXiv",
    primaryClass = "hep-ex",
    reportNumber = "CERN-EP-2021-007",
    doi = "10.1007/s41781-021-00062-2",
    journal = "Comput. Softw. Big Sci.",
    volume = "6",
    number = "1",
    pages = "3",
    year = "2022"
}

@article{ATLAS:2021hza,
    author = "Aad, Georges and others",
    collaboration = "ATLAS",
    title = "{Search for new phenomena in events with two opposite-charge leptons, jets and missing transverse momentum in pp collisions at $ \sqrt{\mathrm{s}} $ = 13 TeV with the ATLAS detector}",
    eprint = "2102.01444",
    archivePrefix = "arXiv",
    primaryClass = "hep-ex",
    reportNumber = "CERN-EP-2020-243",
    doi = "10.1007/JHEP04(2021)165",
    journal = "JHEP",
    volume = "04",
    pages = "165",
    year = "2021"
}

@article{ATLAS:2021yij,
    author = "Aad, Georges and others",
    collaboration = "ATLAS",
    title = "{Search for new phenomena in final states with $b$-jets and missing transverse momentum in $\sqrt{s}=13$ TeV $pp$ collisions with the ATLAS detector}",
    eprint = "2101.12527",
    archivePrefix = "arXiv",
    primaryClass = "hep-ex",
    reportNumber = "CERN-EP-2021-001",
    doi = "10.1007/JHEP05(2021)093",
    journal = "JHEP",
    volume = "05",
    pages = "093",
    year = "2021"
}

@article{ATLAS:2021jol,
    author = "Aad, Georges and others",
    collaboration = "ATLAS",
    title = "{Search for doubly and singly charged Higgs bosons decaying into vector bosons in multi-lepton final states with the ATLAS detector using proton-proton collisions at $ \sqrt{\mathrm{s}} $ = 13 TeV}",
    eprint = "2101.11961",
    archivePrefix = "arXiv",
    primaryClass = "hep-ex",
    reportNumber = "CERN-EP-2020-240",
    doi = "10.1007/JHEP06(2021)146",
    journal = "JHEP",
    volume = "06",
    pages = "146",
    year = "2021"
}

@article{ATLAS:2021oiz,
    author = "Aad, Georges and others",
    collaboration = "ATLAS",
    title = "{Search for pair production of third-generation scalar leptoquarks decaying into a top quark and a $\tau$-lepton in $pp$ collisions at $ \sqrt{s} $ = 13 TeV with the ATLAS detector}",
    eprint = "2101.11582",
    archivePrefix = "arXiv",
    primaryClass = "hep-ex",
    reportNumber = "CERN-EP-2020-241",
    doi = "10.1007/JHEP06(2021)179",
    journal = "JHEP",
    volume = "06",
    pages = "179",
    year = "2021"
}

@article{ATLAS:2021jhn,
    author = "Aad, Georges and others",
    collaboration = "ATLAS",
    title = "{Two-particle azimuthal correlations in photonuclear ultraperipheral Pb+Pb collisions at 5.02 TeV with ATLAS}",
    eprint = "2101.10771",
    archivePrefix = "arXiv",
    primaryClass = "nucl-ex",
    reportNumber = "CERN-EP-2020-246",
    doi = "10.1103/PhysRevC.104.014903",
    journal = "Phys. Rev. C",
    volume = "104",
    number = "1",
    pages = "014903",
    year = "2021"
}

@article{ATLAS:2021qnl,
    author = "Aad, Georges and others",
    collaboration = "ATLAS",
    title = "{Determination of the parton distribution functions of the proton from ATLAS measurements of differential W$^{±}$ and Z boson production in association with jets}",
    eprint = "2101.05095",
    archivePrefix = "arXiv",
    primaryClass = "hep-ex",
    reportNumber = "CERN-EP-2020-237",
    doi = "10.1007/JHEP07(2021)223",
    journal = "JHEP",
    volume = "07",
    pages = "223",
    year = "2021"
}

@article{ATLAS:2021tfo,
    author = "Aad, Georges and others",
    collaboration = "ATLAS",
    title = "{The ATLAS Fast TracKer system}",
    eprint = "2101.05078",
    archivePrefix = "arXiv",
    primaryClass = "physics.ins-det",
    reportNumber = "CERN-EP-2020-232",
    doi = "10.1088/1748-0221/16/07/P07006",
    journal = "JINST",
    volume = "16",
    pages = "P07006",
    year = "2021"
}

@article{ATLAS:2021twp,
    author = "Aad, Georges and others",
    collaboration = "ATLAS",
    title = "{Search for squarks and gluinos in final states with one isolated lepton, jets, and missing transverse momentum at $\sqrt{s}=13$~ with the ATLAS detector}",
    eprint = "2101.01629",
    archivePrefix = "arXiv",
    primaryClass = "hep-ex",
    reportNumber = "CERN-EP-2020-228",
    doi = "10.1140/epjc/s10052-021-09748-8",
    journal = "Eur. Phys. J. C",
    volume = "81",
    number = "7",
    pages = "600",
    year = "2021",
    note = "[Erratum: Eur.Phys.J.C 81, 956 (2021)]"
}

@article{ATLAS:2020xzu,
    author = "Aad, Georges and others",
    collaboration = "ATLAS",
    title = "{Search for new phenomena with top quark pairs in final states with one lepton, jets, and missing transverse momentum in $pp$ collisions at $ \sqrt{s} $ = 13 TeV with the ATLAS detector}",
    eprint = "2012.03799",
    archivePrefix = "arXiv",
    primaryClass = "hep-ex",
    reportNumber = "CERN-EP-2020-177",
    doi = "10.1007/JHEP04(2021)174",
    journal = "JHEP",
    volume = "04",
    pages = "174",
    year = "2021"
}

@article{ATLAS:2020auj,
    author = "Aad, Georges and others",
    collaboration = "ATLAS",
    title = "{Muon reconstruction and identification efficiency in ATLAS using the full Run 2 $pp$ collision data set at $\sqrt{s}=13$ TeV}",
    eprint = "2012.00578",
    archivePrefix = "arXiv",
    primaryClass = "hep-ex",
    reportNumber = "CERN-EP-2020-199",
    doi = "10.1140/epjc/s10052-021-09233-2",
    journal = "Eur. Phys. J. C",
    volume = "81",
    number = "7",
    pages = "578",
    year = "2021"
}

@article{ATLAS:2020epq,
    author = "Aad, Georges and others",
    collaboration = "ATLAS",
    title = "{Exclusive dimuon production in ultraperipheral Pb+Pb collisions at $\sqrt{s_{\mathrm{NN}}} = 5.02$ TeV with ATLAS}",
    eprint = "2011.12211",
    archivePrefix = "arXiv",
    primaryClass = "nucl-ex",
    reportNumber = "CERN-EP-2020-138",
    doi = "10.1103/PhysRevC.104.024906",
    journal = "Phys. Rev. C",
    volume = "104",
    pages = "024906",
    year = "2021"
}

@article{ATLAS:2020uer,
    author = "Aad, Georges and others",
    collaboration = "ATLAS",
    title = "{Search for trilepton resonances from chargino and neutralino pair production in $\sqrt{s}$ = 13 TeV $pp$ collisions with the ATLAS detector}",
    eprint = "2011.10543",
    archivePrefix = "arXiv",
    primaryClass = "hep-ex",
    reportNumber = "CERN-EP-2020-201",
    doi = "10.1103/PhysRevD.103.112003",
    journal = "Phys. Rev. D",
    volume = "103",
    number = "11",
    pages = "112003",
    year = "2021"
}

@article{ATLAS:2020yzc,
    author = "Aad, Georges and others",
    collaboration = "ATLAS",
    title = "{Search for dark matter produced in association with a single top quark in $\sqrt{s}=13$~TeV $pp$ collisions with the ATLAS detector}",
    eprint = "2011.09308",
    archivePrefix = "arXiv",
    primaryClass = "hep-ex",
    reportNumber = "CERN-EP-2020-184",
    doi = "10.1140/epjc/s10052-021-09566-y",
    journal = "Eur. Phys. J. C",
    volume = "81",
    pages = "860",
    year = "2021"
}

@article{ATLAS:2020bhl,
    author = "Aad, Georges and others",
    collaboration = "ATLAS",
    title = "{Measurements of Higgs bosons decaying to bottom quarks from vector boson fusion production with the ATLAS experiment at $\sqrt{s}=13\,\text {TeV}$}",
    eprint = "2011.08280",
    archivePrefix = "arXiv",
    primaryClass = "hep-ex",
    reportNumber = "CERN-EP-2020-195",
    doi = "10.1140/epjc/s10052-021-09192-8",
    journal = "Eur. Phys. J. C",
    volume = "81",
    number = "6",
    pages = "537",
    year = "2021"
}

@article{ATLAS:2020wjh,
    author = "Aad, Georges and others",
    collaboration = "ATLAS",
    title = "{Search for Displaced Leptons in $\sqrt{s} = 13$ TeV $pp$ Collisions with the ATLAS Detector}",
    eprint = "2011.07812",
    archivePrefix = "arXiv",
    primaryClass = "hep-ex",
    reportNumber = "CERN-EP-2020-205",
    doi = "10.1103/PhysRevLett.127.051802",
    journal = "Phys. Rev. Lett.",
    volume = "127",
    number = "5",
    pages = "051802",
    year = "2021"
}

@article{ATLAS:2020gxx,
    author = "Aad, Georges and others",
    collaboration = "ATLAS",
    title = "{Search for a heavy Higgs boson decaying into a Z boson and another heavy Higgs boson in the $\ell \ell bb$ and $\ell \ell WW$ final states in $pp$ collisions at $\sqrt{s}=13$ $\text {TeV}$ with the ATLAS detector}",
    eprint = "2011.05639",
    archivePrefix = "arXiv",
    primaryClass = "hep-ex",
    reportNumber = "CERN-EP-2020-191",
    doi = "10.1140/epjc/s10052-021-09117-5",
    journal = "Eur. Phys. J. C",
    volume = "81",
    number = "5",
    pages = "396",
    year = "2021"
}

@article{ATLAS:2020uiq,
    author = "Aad, Georges and others",
    collaboration = "ATLAS",
    title = "{Search for dark matter in association with an energetic photon in $pp$ collisions at $\sqrt{s}$ = 13 TeV with the ATLAS detector}",
    eprint = "2011.05259",
    archivePrefix = "arXiv",
    primaryClass = "hep-ex",
    reportNumber = "CERN-EP-2020-178",
    doi = "10.1007/JHEP02(2021)226",
    journal = "JHEP",
    volume = "02",
    pages = "226",
    year = "2021"
}

@article{ATLAS:2020syg,
    author = "Aad, Georges and others",
    collaboration = "ATLAS",
    title = "{Search for squarks and gluinos in final states with jets and missing transverse momentum using 139 fb$^{-1}$ of $\sqrt{s}$ =13 TeV $pp$ collision data with the ATLAS detector}",
    eprint = "2010.14293",
    archivePrefix = "arXiv",
    primaryClass = "hep-ex",
    reportNumber = "CERN-EP-2020-166",
    doi = "10.1007/JHEP02(2021)143",
    journal = "JHEP",
    volume = "02",
    pages = "143",
    year = "2021"
}

@article{ATLAS:2020cvh,
    author = "Aad, Georges and others",
    collaboration = "ATLAS",
    title = "{Search for Higgs boson production in association with a high-energy photon via vector-boson fusion with decay into bottom quark pairs at $\sqrt{s}$=13 TeV with the ATLAS detector}",
    eprint = "2010.13651",
    archivePrefix = "arXiv",
    primaryClass = "hep-ex",
    reportNumber = "CERN-EP-2020-179",
    doi = "10.1007/JHEP03(2021)268",
    journal = "JHEP",
    volume = "03",
    pages = "268",
    year = "2021"
}

@article{ATLAS:2020fgc,
    author = "Aad, Georges and others",
    collaboration = "ATLAS",
    title = "{Search for Dark Matter Produced in Association with a Dark Higgs Boson Decaying into $W^\pm W^\mp$ or $ZZ$ in Fully Hadronic Final States from $\sqrt{s}=13$ TeV pp Collisions Recorded with the ATLAS Detector}",
    eprint = "2010.06548",
    archivePrefix = "arXiv",
    primaryClass = "hep-ex",
    reportNumber = "CERN-EP-2020-172",
    doi = "10.1103/PhysRevLett.126.121802",
    journal = "Phys. Rev. Lett.",
    volume = "126",
    number = "12",
    pages = "121802",
    year = "2021"
}

@article{ATLAS:2020iwi,
    author = "Aad, Georges and others",
    collaboration = "ATLAS",
    title = "{Observation of photon-induced $W^+W^-$ production in $pp$ collisions at $\sqrt{s}=13$ TeV using the ATLAS detector}",
    eprint = "2010.04019",
    archivePrefix = "arXiv",
    primaryClass = "hep-ex",
    reportNumber = "CERN-EP-2020-165",
    doi = "10.1016/j.physletb.2021.136190",
    journal = "Phys. Lett. B",
    volume = "816",
    pages = "136190",
    year = "2021"
}

@article{ATLAS:2020zlz,
    author = "Aad, Georges and others",
    collaboration = "ATLAS",
    title = "{Search for charged-lepton-flavour violation in $Z$-boson decays with the ATLAS detector}",
    eprint = "2010.02566",
    archivePrefix = "arXiv",
    primaryClass = "hep-ex",
    reportNumber = "CERN-EP-2020-163",
    doi = "10.1038/s41567-021-01225-z",
    journal = "Nature Phys.",
    volume = "17",
    number = "7",
    pages = "819--825",
    year = "2021"
}

@article{ATLAS:2020xov,
    author = "Aad, Georges and others",
    collaboration = "ATLAS",
    title = "{Search for pair production of scalar leptoquarks decaying into first- or second-generation leptons and top quarks in proton\textendash{}proton collisions at $\sqrt{s}$ = 13 TeV with the ATLAS detector}",
    eprint = "2010.02098",
    archivePrefix = "arXiv",
    primaryClass = "hep-ex",
    reportNumber = "CERN-EP-2020-160",
    doi = "10.1140/epjc/s10052-021-09009-8",
    journal = "Eur. Phys. J. C",
    volume = "81",
    number = "4",
    pages = "313",
    year = "2021"
}

@article{ATLAS:2020wgq,
    author = "Aad, Georges and others",
    collaboration = "ATLAS",
    title = "{Search for phenomena beyond the Standard Model in events with large $b$-jet multiplicity using the ATLAS detector at the LHC}",
    eprint = "2010.01015",
    archivePrefix = "arXiv",
    primaryClass = "hep-ex",
    reportNumber = "CERN-EP-2020-147",
    doi = "10.1140/epjc/s10052-020-08730-0",
    journal = "Eur. Phys. J. C",
    volume = "81",
    number = "1",
    pages = "11",
    year = "2021",
    note = "[Erratum: Eur.Phys.J.C 81, 249 (2021)]"
}

@article{ATLAS:2020mve,
    author = "Aad, Georges and others",
    collaboration = "ATLAS",
    title = "{Observation and Measurement of Forward Proton Scattering in Association with Lepton Pairs Produced via the Photon Fusion Mechanism at ATLAS}",
    eprint = "2009.14537",
    archivePrefix = "arXiv",
    primaryClass = "hep-ex",
    reportNumber = "CERN-EP-2020-167",
    doi = "10.1103/PhysRevLett.125.261801",
    journal = "Phys. Rev. Lett.",
    volume = "125",
    number = "26",
    pages = "261801",
    year = "2020"
}

@article{ATLAS:2020tlo,
    author = "Aad, Georges and others",
    collaboration = "ATLAS",
    title = "{Search for heavy resonances decaying into a pair of Z bosons in the $\ell ^+\ell ^-\ell '^+\ell '^-$ and $\ell ^+\ell ^-\nu {{\bar{\nu }}}$ final states using 139 $\mathrm {fb}^{-1}$ of proton\textendash{}proton collisions at $\sqrt{s} = 13\,$TeV with the ATLAS detector}",
    eprint = "2009.14791",
    archivePrefix = "arXiv",
    primaryClass = "hep-ex",
    reportNumber = "CERN-EP-2020-153",
    doi = "10.1140/epjc/s10052-021-09013-y",
    journal = "Eur. Phys. J. C",
    volume = "81",
    number = "4",
    pages = "332",
    year = "2021"
}

@article{ATLAS:2020gwe,
    author = "Aad, Georges and others",
    collaboration = "ATLAS",
    title = "{Optimisation of large-radius jet reconstruction for the ATLAS detector in 13 TeV proton\textendash{}proton collisions}",
    eprint = "2009.04986",
    archivePrefix = "arXiv",
    primaryClass = "hep-ex",
    reportNumber = "CERN-EP-2020-134",
    doi = "10.1140/epjc/s10052-021-09054-3",
    journal = "Eur. Phys. J. C",
    volume = "81",
    number = "4",
    pages = "334",
    year = "2021"
}

@article{ATLAS:2020wmg,
    author = "Aad, Georges and others",
    collaboration = "ATLAS",
    title = "{Medium-Induced Modification of $Z$-Tagged Charged Particle Yields in $Pb+Pb$ Collisions at 5.02 TeV with the ATLAS Detector}",
    eprint = "2008.09811",
    archivePrefix = "arXiv",
    primaryClass = "nucl-ex",
    reportNumber = "CERN-EP-2020-148",
    doi = "10.1103/PhysRevLett.126.072301",
    journal = "Phys. Rev. Lett.",
    volume = "126",
    number = "7",
    pages = "072301",
    year = "2021"
}

@article{ATLAS:2020wop,
    author = "Aad, Georges and others",
    collaboration = "ATLAS",
    title = "{Search for type-III seesaw heavy leptons in dilepton final states in $pp$ collisions at $\sqrt{s}$ = 13 TeV with the ATLAS detector}",
    eprint = "2008.07949",
    archivePrefix = "arXiv",
    primaryClass = "hep-ex",
    reportNumber = "CERN-EP-2020-130",
    doi = "10.1140/epjc/s10052-021-08929-9",
    journal = "Eur. Phys. J. C",
    volume = "81",
    number = "3",
    pages = "218",
    year = "2021"
}

@article{ATLAS:2020jeb,
    author = "Aad, Georges and others",
    collaboration = "ATLAS",
    title = "{Search for heavy resonances decaying into a photon and a hadronically decaying Higgs boson in $pp$ collisions at $\sqrt{s}=13$ TeV with the ATLAS detector}",
    eprint = "2008.05928",
    archivePrefix = "arXiv",
    primaryClass = "hep-ex",
    reportNumber = "CERN-EP-2020-128, CERN preprint ID: CERN-EP-2020-128",
    doi = "10.1103/PhysRevLett.125.251802",
    journal = "Phys. Rev. Lett.",
    volume = "125",
    pages = "251802",
    year = "2020"
}

@article{ATLAS:2020xgt,
    author = "Aad, Georges and others",
    collaboration = "ATLAS",
    title = "{Search for new phenomena in final states with large jet multiplicities and missing transverse momentum using $ \sqrt{s} $ = 13 TeV proton-proton collisions recorded by ATLAS in Run 2 of the LHC}",
    eprint = "2008.06032",
    archivePrefix = "arXiv",
    primaryClass = "hep-ex",
    reportNumber = "CERN-EP-2020-123",
    doi = "10.1007/JHEP10(2020)062",
    journal = "JHEP",
    volume = "10",
    pages = "062",
    year = "2020"
}

@article{ATLAS:2020hii,
    author = "Aad, Georges and others",
    collaboration = "ATLAS",
    title = "{Measurement of light-by-light scattering and search for axion-like particles with 2.2 nb$^{-1}$ of Pb+Pb data with the ATLAS detector}",
    eprint = "2008.05355",
    archivePrefix = "arXiv",
    primaryClass = "hep-ex",
    reportNumber = "CERN-EP-2020-135",
    doi = "10.1007/JHEP11(2021)050",
    journal = "JHEP",
    volume = "03",
    pages = "243",
    year = "2021",
    note = "[Erratum: JHEP 11, 050 (2021)]"
}

@article{ATLAS:2020jwz,
    author = "Aad, Georges and others",
    collaboration = "ATLAS",
    title = "{Measurement of the associated production of a Higgs boson decaying into $b$-quarks with a vector boson at high transverse momentum in $pp$ collisions at $\sqrt{s} = 13$ TeV with the ATLAS detector}",
    eprint = "2008.02508",
    archivePrefix = "arXiv",
    primaryClass = "hep-ex",
    reportNumber = "CERN-EP-2020-093",
    doi = "10.1016/j.physletb.2021.136204",
    journal = "Phys. Lett. B",
    volume = "816",
    pages = "136204",
    year = "2021"
}

@article{ATLAS:2020pgy,
    author = "Aad, Georges and others",
    collaboration = "ATLAS",
    title = "{Search for direct production of electroweakinos in final states with one lepton, missing transverse momentum and a Higgs boson decaying into two $b$-jets in $pp$ collisions at $\sqrt{s}=13$ TeV with the ATLAS detector}",
    eprint = "1909.09226",
    archivePrefix = "arXiv",
    primaryClass = "hep-ex",
    reportNumber = "CERN-EP-2019-188",
    doi = "10.1140/epjc/s10052-020-8050-3",
    journal = "Eur. Phys. J. C",
    volume = "80",
    number = "8",
    pages = "691",
    year = "2020"
}

@article{ATLAS:2020azv,
    author = "Aad, Georges and others",
    collaboration = "ATLAS",
    title = "{Reconstruction and identification of boosted di-$\tau$ systems in a search for Higgs boson pairs using 13 TeV proton-proton collision data in ATLAS}",
    eprint = "2007.14811",
    archivePrefix = "arXiv",
    primaryClass = "hep-ex",
    reportNumber = "CERN-EP-2020-118",
    doi = "10.1007/JHEP11(2020)163",
    journal = "JHEP",
    volume = "11",
    pages = "163",
    year = "2020"
}

@article{ATLAS:2020hpj,
    author = "Aad, Georges and others",
    collaboration = "ATLAS",
    title = "{Evidence for $t\bar{t}t\bar{t}$ production in the multilepton final state in proton\textendash{}proton collisions at $\sqrt{s}=13$ $\text {TeV}$ with the ATLAS detector}",
    eprint = "2007.14858",
    archivePrefix = "arXiv",
    primaryClass = "hep-ex",
    reportNumber = "CERN-EP-2020-111",
    doi = "10.1140/epjc/s10052-020-08509-3",
    journal = "Eur. Phys. J. C",
    volume = "80",
    number = "11",
    pages = "1085",
    year = "2020"
}

@article{ATLAS:2020xea,
    author = "Aad, Georges and others",
    collaboration = "ATLAS",
    title = "{Test of the universality of $\tau$ and $\mu$ lepton couplings in $W$-boson decays with the ATLAS detector}",
    eprint = "2007.14040",
    archivePrefix = "arXiv",
    primaryClass = "hep-ex",
    reportNumber = "CERN-EP-2020-139",
    doi = "10.1038/s41567-021-01236-w",
    journal = "Nature Phys.",
    volume = "17",
    number = "7",
    pages = "813--818",
    year = "2021"
}

@article{ATLAS:2020esi,
    author = "Aad, Georges and others",
    collaboration = "ATLAS",
    title = "{Operation of the ATLAS trigger system in Run 2}",
    eprint = "2007.12539",
    archivePrefix = "arXiv",
    primaryClass = "physics.ins-det",
    reportNumber = "CERN-EP-2020-109",
    doi = "10.1088/1748-0221/15/10/P10004",
    journal = "JINST",
    volume = "15",
    number = "10",
    pages = "P10004",
    year = "2020"
}

@article{ATLAS:2020vup,
    author = "Aad, Georges and others",
    collaboration = "ATLAS",
    title = "{Measurement of hadronic event shapes in high-p$_{T}$ multijet final states at $ \sqrt{s} $ = 13 TeV with the ATLAS detector}",
    eprint = "2007.12600",
    archivePrefix = "arXiv",
    primaryClass = "hep-ex",
    reportNumber = "CERN-EP-2020-077",
    doi = "10.1007/JHEP01(2021)188",
    journal = "JHEP",
    volume = "01",
    pages = "188",
    year = "2021",
    note = "[Erratum: JHEP 12, 053 (2021)]"
}

@article{ATLAS:2020qiz,
    author = "Aad, Georges and others",
    collaboration = "ATLAS",
    title = "{Search for resonances decaying into a weak vector boson and a Higgs boson in the fully hadronic final state produced in proton$-$proton collisions at $\sqrt{s} = 13$ TeV with the ATLAS detector}",
    eprint = "2007.05293",
    archivePrefix = "arXiv",
    primaryClass = "hep-ex",
    reportNumber = "CERN-EP-2020-073",
    doi = "10.1103/PhysRevD.102.112008",
    journal = "Phys. Rev. D",
    volume = "102",
    number = "11",
    pages = "112008",
    year = "2020"
}

@article{ATLAS:2020ixw,
    author = "Aad, Georges and others",
    collaboration = "ATLAS",
    title = "{Alignment of the ATLAS Inner Detector in Run-2}",
    eprint = "2007.07624",
    archivePrefix = "arXiv",
    primaryClass = "hep-ex",
    reportNumber = "CERN-EP-2020-108",
    doi = "10.1140/epjc/s10052-020-08700-6",
    journal = "Eur. Phys. J. C",
    volume = "80",
    number = "12",
    pages = "1194",
    year = "2020"
}

@article{ATLAS:2020fzp,
    author = "Aad, Georges and others",
    collaboration = "ATLAS",
    title = "{A search for the dimuon decay of the Standard Model Higgs boson with the ATLAS detector}",
    eprint = "2007.07830",
    archivePrefix = "arXiv",
    primaryClass = "hep-ex",
    reportNumber = "CERN-EP-2020-117",
    doi = "10.1016/j.physletb.2020.135980",
    journal = "Phys. Lett. B",
    volume = "812",
    pages = "135980",
    year = "2021"
}

@article{ATLAS:2020yrp,
    author = "Aad, Georges and others",
    collaboration = "ATLAS",
    title = "{Measurements of inclusive and differential cross-sections of combined $ t\overline{t}\gamma $ and $tW\gamma$ production in the e$\mu$ channel at 13 TeV with the ATLAS detector}",
    eprint = "2007.06946",
    archivePrefix = "arXiv",
    primaryClass = "hep-ex",
    reportNumber = "CERN-EP-2020-100",
    doi = "10.1007/JHEP09(2020)049",
    journal = "JHEP",
    volume = "09",
    pages = "049",
    year = "2020"
}

@article{ATLAS:2020cli,
    author = "Aad, Georges and others",
    collaboration = "ATLAS",
    title = "{Jet energy scale and resolution measured in proton\textendash{}proton collisions at $\sqrt{s}=13$~TeV with the ATLAS detector}",
    eprint = "2007.02645",
    archivePrefix = "arXiv",
    primaryClass = "hep-ex",
    reportNumber = "CERN-EP-2020-083",
    doi = "10.1140/epjc/s10052-021-09402-3",
    journal = "Eur. Phys. J. C",
    volume = "81",
    number = "8",
    pages = "689",
    year = "2021"
}

@article{ATLAS:2020fcp,
    author = "Aad, Georges and others",
    collaboration = "ATLAS",
    title = "{Measurements of $WH$ and $ZH$ production in the $H \rightarrow b\bar{b}$ decay channel in $pp$ collisions at 13 TeV with the ATLAS detector}",
    eprint = "2007.02873",
    archivePrefix = "arXiv",
    primaryClass = "hep-ex",
    reportNumber = "CERN-EP-2020-087",
    doi = "10.1140/epjc/s10052-020-08677-2",
    journal = "Eur. Phys. J. C",
    volume = "81",
    number = "2",
    pages = "178",
    year = "2021"
}

@article{ATLAS:2020cwj,
    author = "Aad, Georges and others",
    collaboration = "ATLAS",
    title = "{Measurement of single top-quark production in association with a $W$ boson in the single-lepton channel at $\sqrt{s} = 8\,\text {TeV}$ with the ATLAS detector}",
    eprint = "2007.01554",
    archivePrefix = "arXiv",
    primaryClass = "hep-ex",
    reportNumber = "CERN-EP-2019-221",
    doi = "10.1140/epjc/s10052-021-09371-7",
    journal = "Eur. Phys. J. C",
    volume = "81",
    number = "8",
    pages = "720",
    year = "2021"
}

@article{ATLAS:2020nzk,
    author = "Aad, Georges and others",
    collaboration = "ATLAS",
    title = "{Differential cross-section measurements for the electroweak production of dijets in association with a $Z$ boson in proton\textendash{}proton collisions at ATLAS}",
    eprint = "2006.15458",
    archivePrefix = "arXiv",
    primaryClass = "hep-ex",
    reportNumber = "CERN-EP-2020-045",
    doi = "10.1140/epjc/s10052-020-08734-w",
    journal = "Eur. Phys. J. C",
    volume = "81",
    number = "2",
    pages = "163",
    year = "2021"
}

@article{ATLAS:2020yat,
    author = "Aad, Georges and others",
    collaboration = "ATLAS",
    title = "{Search for new non-resonant phenomena in high-mass dilepton final states with the ATLAS detector}",
    eprint = "2006.12946",
    archivePrefix = "arXiv",
    primaryClass = "hep-ex",
    reportNumber = "CERN-EP-2020-066",
    doi = "10.1007/JHEP11(2020)005",
    journal = "JHEP",
    volume = "11",
    pages = "005",
    year = "2020",
    note = "[Erratum: JHEP 04, 142 (2021)]"
}

@article{ATLAS:2020aln,
    author = "Aad, Georges and others",
    collaboration = "ATLAS",
    title = "{Measurement of the $t\bar{t}$ production cross-section in the lepton+jets channel at $\sqrt{s}=13$ TeV with the ATLAS experiment}",
    eprint = "2006.13076",
    archivePrefix = "arXiv",
    primaryClass = "hep-ex",
    reportNumber = "CERN-EP-2020-096",
    doi = "10.1016/j.physletb.2020.135797",
    journal = "Phys. Lett. B",
    volume = "810",
    pages = "135797",
    year = "2020"
}

@article{ATLAS:2020ccu,
    author = "Aad, Georges and others",
    collaboration = "ATLAS",
    title = "{Measurements of top-quark pair single- and double-differential cross-sections in the all-hadronic channel in $pp$ collisions at $\sqrt{s}=13~\textrm{TeV}$ using the ATLAS detector}",
    eprint = "2006.09274",
    archivePrefix = "arXiv",
    primaryClass = "hep-ex",
    reportNumber = "CERN-EP-2020-063",
    doi = "10.1007/JHEP01(2021)033",
    journal = "JHEP",
    volume = "01",
    pages = "033",
    year = "2021"
}

@article{ATLAS:2020dsk,
    author = "Aad, Georges and others",
    collaboration = "ATLAS",
    title = "{Search for pairs of scalar leptoquarks decaying into quarks and electrons or muons in $ \sqrt{s} $ = 13 TeV $pp$ collisions with the ATLAS detector}",
    eprint = "2006.05872",
    archivePrefix = "arXiv",
    primaryClass = "hep-ex",
    reportNumber = "CERN-EP-2020-084",
    doi = "10.1007/JHEP10(2020)112",
    journal = "JHEP",
    volume = "10",
    pages = "112",
    year = "2020"
}

@article{ATLAS:2020aci,
    author = "Aad, Georges and others",
    collaboration = "ATLAS",
    title = "{Search for top squarks in events with a Higgs or $Z$ boson using 139 fb$^{-1}$ of $pp$ collision data at $\sqrt{s}=13$ TeV with the ATLAS detector}",
    eprint = "2006.05880",
    archivePrefix = "arXiv",
    primaryClass = "hep-ex",
    reportNumber = "CERN-EP-2020-074",
    doi = "10.1140/epjc/s10052-020-08469-8",
    journal = "Eur. Phys. J. C",
    volume = "80",
    number = "11",
    pages = "1080",
    year = "2020"
}

@article{ATLAS:2020ahi,
    author = "Aad, Georges and others",
    collaboration = "ATLAS",
    title = "{Search for Higgs boson decays into two new low-mass spin-0 particles in the 4$b$ channel with the ATLAS detector using $pp$ collisions at $\sqrt{s}= 13$ TeV}",
    eprint = "2005.12236",
    archivePrefix = "arXiv",
    primaryClass = "hep-ex",
    reportNumber = "CERN-EP-2020-067",
    doi = "10.1103/PhysRevD.102.112006",
    journal = "Phys. Rev. D",
    volume = "102",
    number = "11",
    pages = "112006",
    year = "2020"
}

@article{ATLAS:2020atr,
    author = "Aad, Georges and others",
    collaboration = "ATLAS",
    title = "{Performance of the missing transverse momentum triggers for the ATLAS detector during Run-2 data taking}",
    eprint = "2005.09554",
    archivePrefix = "arXiv",
    primaryClass = "hep-ex",
    reportNumber = "CERN-EP-2020-050",
    doi = "10.1007/JHEP08(2020)080",
    journal = "JHEP",
    volume = "08",
    pages = "080",
    year = "2020"
}

@article{ATLAS:2020lks,
    author = "Aad, Georges and others",
    collaboration = "ATLAS",
    title = "{Search for $ t\overline{t} $ resonances in fully hadronic final states in $pp$ collisions at $ \sqrt{s} $ = 13 TeV with the ATLAS detector}",
    eprint = "2005.05138",
    archivePrefix = "arXiv",
    primaryClass = "hep-ex",
    reportNumber = "CERN-EP-2020-055",
    doi = "10.1007/JHEP10(2020)061",
    journal = "JHEP",
    volume = "10",
    pages = "061",
    year = "2020"
}

@article{ATLAS:2020qcv,
    author = "Aad, Georges and others",
    collaboration = "ATLAS",
    title = "{A search for the $Z\gamma$ decay mode of the Higgs boson in $pp$ collisions at $\sqrt{s}$ = 13 TeV with the ATLAS detector}",
    eprint = "2005.05382",
    archivePrefix = "arXiv",
    primaryClass = "hep-ex",
    reportNumber = "CERN-EP-2020-052",
    doi = "10.1016/j.physletb.2020.135754",
    journal = "Phys. Lett. B",
    volume = "809",
    pages = "135754",
    year = "2020"
}

@article{ATLAS:2020osu,
    author = "Aad, Georges and others",
    collaboration = "ATLAS",
    title = "{Performance of the upgraded PreProcessor of the ATLAS Level-1 Calorimeter Trigger}",
    eprint = "2005.04179",
    archivePrefix = "arXiv",
    primaryClass = "physics.ins-det",
    reportNumber = "CERN-EP-2020-042",
    doi = "10.1088/1748-0221/15/11/P11016",
    journal = "JINST",
    volume = "15",
    number = "11",
    pages = "P11016",
    year = "2020"
}

@article{CMS:2020ezf,
    author = "Aad, Georges and others",
    collaboration = "CMS, ATLAS",
    title = "{Combination of the W boson polarization measurements in top quark decays using ATLAS and CMS data at $\sqrt{s} =$ 8 TeV}",
    eprint = "2005.03799",
    archivePrefix = "arXiv",
    primaryClass = "hep-ex",
    reportNumber = "CMS-TOP-19-004, ATLAS-TOPQ-2018-02, CERN-EP-2020-012",
    doi = "10.1007/JHEP08(2020)051",
    journal = "JHEP",
    volume = "08",
    number = "08",
    pages = "051",
    year = "2020"
}

@article{ATLAS:2020iwa,
    author = "Aad, Georges and others",
    collaboration = "ATLAS",
    title = "{Dijet resonance search with weak supervision using $\sqrt{s}=13$ TeV $pp$ collisions in the ATLAS detector}",
    eprint = "2005.02983",
    archivePrefix = "arXiv",
    primaryClass = "hep-ex",
    reportNumber = "CERN-EP-2020-062",
    doi = "10.1103/PhysRevLett.125.131801",
    journal = "Phys. Rev. Lett.",
    volume = "125",
    number = "13",
    pages = "131801",
    year = "2020"
}

@article{ATLAS:2020fry,
    author = "Aad, Georges and others",
    collaboration = "ATLAS",
    title = "{Search for heavy diboson resonances in semileptonic final states in pp collisions at $\sqrt{s}=13$ TeV with the ATLAS detector}",
    eprint = "2004.14636",
    archivePrefix = "arXiv",
    primaryClass = "hep-ex",
    reportNumber = "CERN-EP-2020-049",
    doi = "10.1140/epjc/s10052-020-08554-y",
    journal = "Eur. Phys. J. C",
    volume = "80",
    number = "12",
    pages = "1165",
    year = "2020"
}

@article{ATLAS:2020dsf,
    author = "Aad, Georges and others",
    collaboration = "ATLAS",
    title = "{Search for a scalar partner of the top quark in the all-hadronic $t{\bar{t}}$ plus missing transverse momentum final state at $\sqrt{s}=13$ TeV with the ATLAS detector}",
    eprint = "2004.14060",
    archivePrefix = "arXiv",
    primaryClass = "hep-ex",
    reportNumber = "CERN-EP-2020-044",
    doi = "10.1140/epjc/s10052-020-8102-8",
    journal = "Eur. Phys. J. C",
    volume = "80",
    number = "8",
    pages = "737",
    year = "2020"
}

@article{ATLAS:2020gty,
    author = "Aad, Georges and others",
    collaboration = "ATLAS",
    title = "{Performance of the ATLAS muon triggers in Run 2}",
    eprint = "2004.13447",
    archivePrefix = "arXiv",
    primaryClass = "physics.ins-det",
    reportNumber = "CERN-EP-2020-031",
    doi = "10.1088/1748-0221/15/09/p09015",
    journal = "JINST",
    volume = "15",
    number = "09",
    pages = "P09015",
    year = "2020"
}

@article{ATLAS:2020qlk,
    author = "Aad, Georges and others",
    collaboration = "ATLAS",
    title = "{Search for direct production of electroweakinos in final states with missing transverse momentum and a Higgs boson decaying into photons in pp collisions at $ \sqrt{s} $ = 13 TeV with the ATLAS detector}",
    eprint = "2004.10894",
    archivePrefix = "arXiv",
    primaryClass = "hep-ex",
    reportNumber = "CERN-EP-2019-204",
    doi = "10.1007/JHEP10(2020)005",
    journal = "JHEP",
    volume = "10",
    pages = "005",
    year = "2020"
}

@article{ATLAS:2020ior,
    author = "Aad, Georges and others",
    collaboration = "ATLAS",
    title = "{$CP$ Properties of Higgs Boson Interactions with Top Quarks in the $t\bar{t}H$ and $tH$ Processes Using $H \rightarrow \gamma\gamma$ with the ATLAS Detector}",
    eprint = "2004.04545",
    archivePrefix = "arXiv",
    primaryClass = "hep-ex",
    reportNumber = "CERN-EP-2020-046",
    doi = "10.1103/PhysRevLett.125.061802",
    journal = "Phys. Rev. Lett.",
    volume = "125",
    number = "6",
    pages = "061802",
    year = "2020"
}

@article{ATLAS:2020wny,
    author = "Aad, Georges and others",
    collaboration = "ATLAS",
    title = "{Measurements of the Higgs boson inclusive and differential fiducial cross sections in the 4$\ell$ decay channel at $\sqrt{s}$ = 13 TeV}",
    eprint = "2004.03969",
    archivePrefix = "arXiv",
    primaryClass = "hep-ex",
    reportNumber = "CERN-EP-2020-035",
    doi = "10.1140/epjc/s10052-020-8223-0",
    journal = "Eur. Phys. J. C",
    volume = "80",
    number = "10",
    pages = "942",
    year = "2020"
}

@article{ATLAS:2020rej,
    author = "Aad, Georges and others",
    collaboration = "ATLAS",
    title = "{Higgs boson production cross-section measurements and their EFT interpretation in the $4\ell $ decay channel at $\sqrt{s}=$13 TeV with the ATLAS detector}",
    eprint = "2004.03447",
    archivePrefix = "arXiv",
    primaryClass = "hep-ex",
    reportNumber = "CERN-EP-2020-034",
    doi = "10.1140/epjc/s10052-020-8227-9",
    journal = "Eur. Phys. J. C",
    volume = "80",
    number = "10",
    pages = "957",
    year = "2020",
    note = "[Erratum: Eur.Phys.J.C 81, 29 (2021), Erratum: Eur.Phys.J.C 81, 398 (2021)]"
}

@article{ATLAS:2020bbn,
    author = "Aad, Georges and others",
    collaboration = "ATLAS",
    title = "{Measurement of the Lund Jet Plane Using Charged Particles in 13 TeV Proton-Proton Collisions with the ATLAS Detector}",
    eprint = "2004.03540",
    archivePrefix = "arXiv",
    primaryClass = "hep-ex",
    reportNumber = "CERN-EP-2020-030",
    doi = "10.1103/PhysRevLett.124.222002",
    journal = "Phys. Rev. Lett.",
    volume = "124",
    number = "22",
    pages = "222002",
    year = "2020"
}

@article{ATLAS:2020pcy,
    author = "Aad, Georges and others",
    collaboration = "ATLAS",
    title = "{Search for Higgs Boson Decays into a $Z$ Boson and a Light Hadronically Decaying Resonance Using 13 TeV $pp$ Collision Data from the ATLAS Detector}",
    eprint = "2004.01678",
    archivePrefix = "arXiv",
    primaryClass = "hep-ex",
    reportNumber = "CERN-EP-2020-033",
    doi = "10.1103/PhysRevLett.125.221802",
    journal = "Phys. Rev. Lett.",
    volume = "125",
    number = "22",
    pages = "221802",
    year = "2020"
}

@article{ATLAS:2020juj,
    author = "Aad, Georges and others",
    collaboration = "ATLAS",
    title = "{Measurements of the production cross-section for a $Z$ boson in association with $b$-jets in proton-proton collisions at $\sqrt{s} = 13$ TeV with the ATLAS detector}",
    eprint = "2003.11960",
    archivePrefix = "arXiv",
    primaryClass = "hep-ex",
    reportNumber = "CERN-EP-2020-022",
    doi = "10.1007/JHEP07(2020)044",
    journal = "JHEP",
    volume = "07",
    pages = "044",
    year = "2020"
}

@article{ATLAS:2020xyo,
    author = "Aad, Georges and others",
    collaboration = "ATLAS",
    title = "{Search for long-lived, massive particles in events with a displaced vertex and a muon with large impact parameter in $pp$ collisions at $\sqrt{s} = 13$ TeV with the ATLAS detector}",
    eprint = "2003.11956",
    archivePrefix = "arXiv",
    primaryClass = "hep-ex",
    reportNumber = "CERN-EP-2019-219",
    doi = "10.1103/PhysRevD.102.032006",
    journal = "Phys. Rev. D",
    volume = "102",
    number = "3",
    pages = "032006",
    year = "2020"
}

@article{ATLAS:2020yxw,
    author = "Aad, Georges and others",
    collaboration = "ATLAS",
    title = "{Measurement of azimuthal anisotropy of muons from charm and bottom hadrons in Pb+Pb collisions at $\sqrt {s_{NN}}$ = 5.02 TeV with the ATLAS detector}",
    eprint = "2003.03565",
    archivePrefix = "arXiv",
    primaryClass = "nucl-ex",
    reportNumber = "CERN-EP-2019-274",
    doi = "10.1016/j.physletb.2020.135595",
    journal = "Phys. Lett. B",
    volume = "807",
    pages = "135595",
    year = "2020"
}

@article{ATLAS:2020zms,
    author = "Aad, Georges and others",
    collaboration = "ATLAS",
    title = "{Search for heavy Higgs bosons decaying into two tau leptons with the ATLAS detector using $pp$ collisions at $\sqrt{s}=13$ TeV}",
    eprint = "2002.12223",
    archivePrefix = "arXiv",
    primaryClass = "hep-ex",
    reportNumber = "CERN-EP-2020-014",
    doi = "10.1103/PhysRevLett.125.051801",
    journal = "Phys. Rev. Lett.",
    volume = "125",
    number = "5",
    pages = "051801",
    year = "2020"
}

@article{ATLAS:2020zzb,
    author = "Aad, Georges and others",
    collaboration = "ATLAS",
    title = "{Search for dijet resonances in events with an isolated charged lepton using $\sqrt{s} = 13$ TeV proton-proton collision data collected by the ATLAS detector}",
    eprint = "2002.11325",
    archivePrefix = "arXiv",
    primaryClass = "hep-ex",
    reportNumber = "CERN-EP-2019-276",
    doi = "10.1007/JHEP06(2020)151",
    journal = "JHEP",
    volume = "06",
    pages = "151",
    year = "2020"
}

@article{ATLAS:2020bhu,
    author = "Aad, Georges and others",
    collaboration = "ATLAS",
    title = "{Observation of the associated production of a top quark and a $Z$ boson in $pp$ collisions at $\sqrt{s} = 13$ TeV with the ATLAS detector}",
    eprint = "2002.07546",
    archivePrefix = "arXiv",
    primaryClass = "hep-ex",
    reportNumber = "CERN-EP-2019-273",
    doi = "10.1007/JHEP07(2020)124",
    journal = "JHEP",
    volume = "07",
    pages = "124",
    year = "2020"
}

@article{ATLAS:2020evk,
    author = "Aad, Georges and others",
    collaboration = "ATLAS",
    title = "{Test of CP invariance in vector-boson fusion production of the Higgs boson in the H \textrightarrow{} \ensuremath{\tau}\ensuremath{\tau} channel in proton\textendash{}proton collisions at s=13TeV with the ATLAS detector}",
    eprint = "2002.05315",
    archivePrefix = "arXiv",
    primaryClass = "hep-ex",
    reportNumber = "CERN-EP-2020-009",
    doi = "10.1016/j.physletb.2020.135426",
    journal = "Phys. Lett. B",
    volume = "805",
    pages = "135426",
    year = "2020"
}

@article{ATLAS:2020lbz,
    author = "Aad, Georges and others",
    collaboration = "ATLAS",
    title = "{Measurement of the $CP$-violating phase $\phi_s$ in $B^0_s \to J/\psi\phi$ decays in ATLAS at 13 TeV}",
    eprint = "2001.07115",
    archivePrefix = "arXiv",
    primaryClass = "hep-ex",
    reportNumber = "CERN-EP-2019-218",
    doi = "10.1140/epjc/s10052-021-09011-0",
    journal = "Eur. Phys. J. C",
    volume = "81",
    number = "4",
    pages = "342",
    year = "2021"
}

@article{ATLAS:2020jgy,
    author = "Aad, Georges and others",
    collaboration = "ATLAS",
    title = "{Search for the $HH \rightarrow b \bar{b} b \bar{b}$ process via vector-boson fusion production using proton-proton collisions at $\sqrt{s} = 13$ TeV with the ATLAS detector}",
    eprint = "2001.05178",
    archivePrefix = "arXiv",
    primaryClass = "hep-ex",
    reportNumber = "CERN-EP-2019-267",
    doi = "10.1007/JHEP07(2020)108",
    journal = "JHEP",
    volume = "07",
    pages = "108",
    year = "2020",
    note = "[Erratum: JHEP 01, 145 (2021), Erratum: JHEP 05, 207 (2021)]"
}

@article{ATLAS:2020sgl,
    author = "Aad, Georges and others",
    collaboration = "ATLAS",
    title = "{Longitudinal Flow Decorrelations in Xe+Xe Collisions at $\sqrt{s_{\mathrm{NN}}}=5.44$  TeV with the ATLAS Detector}",
    eprint = "2001.04201",
    archivePrefix = "arXiv",
    primaryClass = "nucl-ex",
    reportNumber = "CERN-EP-2019-275",
    doi = "10.1103/PhysRevLett.126.122301",
    journal = "Phys. Rev. Lett.",
    volume = "126",
    number = "12",
    pages = "122301",
    year = "2021"
}

@article{ATLAS:2019mgf,
    author = "Aad, Georges and others",
    collaboration = "ATLAS",
    title = "{Measurement of soft-drop jet observables in $pp$ collisions with the ATLAS detector at $\sqrt {s}$ =13  TeV}",
    eprint = "1912.09837",
    archivePrefix = "arXiv",
    primaryClass = "hep-ex",
    reportNumber = "CERN-EP-2019-269",
    doi = "10.1103/PhysRevD.101.052007",
    journal = "Phys. Rev. D",
    volume = "101",
    number = "5",
    pages = "052007",
    year = "2020"
}

@article{ATLAS:2019iaa,
    author = "Aad, Georges and others",
    collaboration = "ATLAS",
    title = "{Measurement of isolated-photon plus two-jet production in $pp$ collisions at $\sqrt s=13$ TeV with the ATLAS detector}",
    eprint = "1912.09866",
    archivePrefix = "arXiv",
    primaryClass = "hep-ex",
    reportNumber = "CERN-EP-2019-210",
    doi = "10.1007/JHEP03(2020)179",
    journal = "JHEP",
    volume = "03",
    pages = "179",
    year = "2020"
}

@article{ATLAS:2019wgx,
    author = "Aad, Georges and others",
    collaboration = "ATLAS",
    title = "{Search for chargino-neutralino production with mass splittings near the electroweak scale in three-lepton final states in $\sqrt {s}$=13  TeV $pp$ collisions with the ATLAS detector}",
    eprint = "1912.08479",
    archivePrefix = "arXiv",
    primaryClass = "hep-ex",
    reportNumber = "CERN-EP-2019-263",
    doi = "10.1103/PhysRevD.101.072001",
    journal = "Phys. Rev. D",
    volume = "101",
    number = "7",
    pages = "072001",
    year = "2020"
}

@article{ATLAS:2019jpi,
    author = "Aaboud, Morad and others",
    collaboration = "ATLAS",
    title = "{Measurement of the relative $B^{\pm}_{c}/B^{\pm}$ production cross section with the ATLAS detector at $\sqrt{s}=8$ TeV}",
    eprint = "1912.02672",
    archivePrefix = "arXiv",
    primaryClass = "hep-ex",
    reportNumber = "CERN-EP-2019-194",
    doi = "10.1103/PhysRevD.104.012010",
    journal = "Phys. Rev. D",
    volume = "104",
    number = "1",
    pages = "012010",
    year = "2021"
}

@article{ATLAS:2019zci,
    author = "Aad, Georges and others",
    collaboration = "ATLAS",
    title = "{Measurement of the transverse momentum distribution of Drell\textendash{}Yan lepton pairs in proton\textendash{}proton collisions at $\sqrt{s}=13$ TeV with the ATLAS detector}",
    eprint = "1912.02844",
    archivePrefix = "arXiv",
    primaryClass = "hep-ex",
    reportNumber = "CERN-EP-2019-223",
    doi = "10.1140/epjc/s10052-020-8001-z",
    journal = "Eur. Phys. J. C",
    volume = "80",
    number = "7",
    pages = "616",
    year = "2020"
}

@article{ATLAS:2019jcm,
    author = "Aad, Georges and others",
    collaboration = "ATLAS",
    title = "{Search for long-lived neutral particles produced in $pp$ collisions at $\sqrt{s} = 13$ TeV decaying into displaced hadronic jets in the ATLAS inner detector and muon spectrometer}",
    eprint = "1911.12575",
    archivePrefix = "arXiv",
    primaryClass = "hep-ex",
    reportNumber = "CERN-EP-2019-240",
    doi = "10.1103/PhysRevD.101.052013",
    journal = "Phys. Rev. D",
    volume = "101",
    number = "5",
    pages = "052013",
    year = "2020"
}

@article{ATLAS:2019lng,
    author = "Aad, Georges and others",
    collaboration = "ATLAS",
    title = "{Searches for electroweak production of supersymmetric particles with compressed mass spectra in $\sqrt{s}=$ 13 TeV $pp$ collisions with the ATLAS detector}",
    eprint = "1911.12606",
    archivePrefix = "arXiv",
    primaryClass = "hep-ex",
    reportNumber = "CERN-EP-2019-242",
    doi = "10.1103/PhysRevD.101.052005",
    journal = "Phys. Rev. D",
    volume = "101",
    number = "5",
    pages = "052005",
    year = "2020"
}

@article{ATLAS:2019gti,
    author = "Aad, Georges and others",
    collaboration = "ATLAS",
    title = "{Search for direct stau production in events with two hadronic $\tau$-leptons in $\sqrt{s} = 13$ TeV $pp$ collisions with the ATLAS detector}",
    eprint = "1911.06660",
    archivePrefix = "arXiv",
    primaryClass = "hep-ex",
    reportNumber = "CERN-EP-2019-191",
    doi = "10.1103/PhysRevD.101.032009",
    journal = "Phys. Rev. D",
    volume = "101",
    number = "3",
    pages = "032009",
    year = "2020"
}

@article{ATLAS:2019dct,
    author = "Aad, Georges and others",
    collaboration = "ATLAS",
    title = "{Measurement of the azimuthal anisotropy of charged-particle production in $Xe+Xe$ collisions at $\sqrt{s_{\mathrm{NN}}}=5.44$ TeV with the ATLAS detector}",
    eprint = "1911.04812",
    archivePrefix = "arXiv",
    primaryClass = "nucl-ex",
    reportNumber = "CERN-EP-2019-227",
    doi = "10.1103/PhysRevC.101.024906",
    journal = "Phys. Rev. C",
    volume = "101",
    number = "2",
    pages = "024906",
    year = "2020"
}

@article{ATLAS:2019gey,
    author = "Aad, Georges and others",
    collaboration = "ATLAS",
    title = "{Measurement of the $Z(\rightarrow\ell^+\ell^-)\gamma$ production cross-section in $pp$ collisions at $\sqrt{s} =13$ TeV with the ATLAS detector}",
    eprint = "1911.04813",
    archivePrefix = "arXiv",
    primaryClass = "hep-ex",
    reportNumber = "CERN-EP-2019-228",
    doi = "10.1007/JHEP03(2020)054",
    journal = "JHEP",
    volume = "03",
    pages = "054",
    year = "2020"
}

@article{ATLAS:2019fst,
    author = "Aad, Georges and others",
    collaboration = "ATLAS",
    title = "{ATLAS data quality operations and performance for 2015\textendash{}2018 data-taking}",
    eprint = "1911.04632",
    archivePrefix = "arXiv",
    primaryClass = "physics.ins-det",
    reportNumber = "CERN-EP-2019-207",
    doi = "10.1088/1748-0221/15/04/P04003",
    journal = "JINST",
    volume = "15",
    number = "04",
    pages = "P04003",
    year = "2020"
}

@article{ATLAS:2019asg,
    author = "Aad, Georges and others",
    collaboration = "ATLAS",
    title = "{Measurement of differential cross sections for single diffractive dissociation in $\sqrt{s} = 8$ TeV $pp$ collisions using the ATLAS ALFA spectrometer}",
    eprint = "1911.00453",
    archivePrefix = "arXiv",
    primaryClass = "hep-ex",
    reportNumber = "CERN-EP-2019-190",
    doi = "10.1007/JHEP02(2020)042",
    journal = "JHEP",
    volume = "02",
    pages = "042",
    year = "2020",
    note = "[Erratum: JHEP 10, 182 (2020)]"
}

@article{ATLAS:2019vcm,
    author = "Aad, Georges and others",
    collaboration = "ATLAS",
    title = "{Transverse momentum and process dependent azimuthal anisotropies in $\sqrt{s_{\mathrm{NN}}}=8.16$ TeV $p$+Pb collisions with the ATLAS detector}",
    eprint = "1910.13978",
    archivePrefix = "arXiv",
    primaryClass = "nucl-ex",
    reportNumber = "CERN-EP-2019-217",
    doi = "10.1140/epjc/s10052-020-7624-4",
    journal = "Eur. Phys. J. C",
    volume = "80",
    number = "1",
    pages = "73",
    year = "2020"
}

@article{ATLAS:2019maq,
    author = "Aad, Georges and others",
    collaboration = "ATLAS",
    title = "{$Z$ boson production in Pb+Pb collisions at $\sqrt{s_{\textrm{NN}}}$= 5.02 TeV measured by the ATLAS experiment}",
    eprint = "1910.13396",
    archivePrefix = "arXiv",
    primaryClass = "nucl-ex",
    reportNumber = "CERN-EP-2019-182",
    doi = "10.1016/j.physletb.2020.135262",
    journal = "Phys. Lett. B",
    volume = "802",
    pages = "135262",
    year = "2020"
}

@article{ATLAS:2019qhm,
    author = "Aad, Georges and others",
    collaboration = "ATLAS",
    title = "{Evidence for electroweak production of two jets in association with a $Z\gamma$ pair in $pp$ collisions at $\sqrt{s} = 13$ TeV with the ATLAS detector}",
    eprint = "1910.09503",
    archivePrefix = "arXiv",
    primaryClass = "hep-ex",
    reportNumber = "CERN-EP-2019-206",
    doi = "10.1016/j.physletb.2020.135341",
    journal = "Phys. Lett. B",
    volume = "803",
    pages = "135341",
    year = "2020"
}

@article{ATLAS:2019hau,
    author = "Aad, Georges and others",
    collaboration = "ATLAS",
    title = "{Measurement of the $t\bar{t}$ production cross-section and lepton differential distributions in $e\mu $ dilepton events from $pp$ collisions at $\sqrt{s}=13\,\text {TeV}$ with the ATLAS detector}",
    eprint = "1910.08819",
    archivePrefix = "arXiv",
    primaryClass = "hep-ex",
    reportNumber = "CERN-EP-2019-203",
    doi = "10.1140/epjc/s10052-020-7907-9",
    journal = "Eur. Phys. J. C",
    volume = "80",
    number = "6",
    pages = "528",
    year = "2020"
}

@article{ATLAS:2019fgd,
    author = "Aad, Georges and others",
    collaboration = "ATLAS",
    title = "{Search for new resonances in mass distributions of jet pairs using 139 fb$^{-1}$ of $pp$ collisions at $\sqrt{s}=13$ TeV with the ATLAS detector}",
    eprint = "1910.08447",
    archivePrefix = "arXiv",
    primaryClass = "hep-ex",
    reportNumber = "CERN-EP-2019-162",
    doi = "10.1007/JHEP03(2020)145",
    journal = "JHEP",
    volume = "03",
    pages = "145",
    year = "2020"
}

@article{ATLAS:2019old,
    author = "Aad, Georges and others",
    collaboration = "ATLAS",
    title = "{Search for the Higgs boson decays $H \to ee$ and $H \to e\mu$ in $pp$ collisions at $\sqrt{s} = 13$ TeV with the ATLAS detector}",
    eprint = "1909.10235",
    archivePrefix = "arXiv",
    primaryClass = "hep-ex",
    reportNumber = "CERN-EP-2019-184",
    doi = "10.1016/j.physletb.2019.135148",
    journal = "Phys. Lett. B",
    volume = "801",
    pages = "135148",
    year = "2020"
}

@article{ATLAS:2019fag,
    author = "Aad, Georges and others",
    collaboration = "ATLAS",
    title = "{Search for squarks and gluinos in final states with same-sign leptons and jets using 139 fb$^{-1}$ of data collected with the ATLAS detector}",
    eprint = "1909.08457",
    archivePrefix = "arXiv",
    primaryClass = "hep-ex",
    reportNumber = "CERN-EP-2019-161",
    doi = "10.1007/JHEP06(2020)046",
    journal = "JHEP",
    volume = "06",
    pages = "046",
    year = "2020"
}

@article{ATLAS:2019nkf,
    author = "Aad, Georges and others",
    collaboration = "ATLAS",
    title = "{Combined measurements of Higgs boson production and decay using up to $80$ fb$^{-1}$ of proton-proton collision data at $\sqrt{s}=$ 13 TeV collected with the ATLAS experiment}",
    eprint = "1909.02845",
    archivePrefix = "arXiv",
    primaryClass = "hep-ex",
    reportNumber = "CERN-EP-2019-097",
    doi = "10.1103/PhysRevD.101.012002",
    journal = "Phys. Rev. D",
    volume = "101",
    number = "1",
    pages = "012002",
    year = "2020"
}

@article{ATLAS:2019xqc,
    author = "Aad, Georges and others",
    collaboration = "ATLAS",
    title = "{Measurement of azimuthal anisotropy of muons from charm and bottom hadrons in $pp$ collisions at $\sqrt{s}=13$ TeV with the ATLAS detector}",
    eprint = "1909.01650",
    archivePrefix = "arXiv",
    primaryClass = "nucl-ex",
    reportNumber = "CERN-EP-2019-166",
    doi = "10.1103/PhysRevLett.124.082301",
    journal = "Phys. Rev. Lett.",
    volume = "124",
    number = "8",
    pages = "082301",
    year = "2020"
}

@article{ATLAS:2019tkk,
    author = "Aad, Georges and others",
    collaboration = "ATLAS",
    title = "{Search for light long-lived neutral particles produced in $pp$ collisions at $\sqrt{s} =$ 13 TeV and decaying into collimated leptons or light hadrons with the ATLAS detector}",
    eprint = "1909.01246",
    archivePrefix = "arXiv",
    primaryClass = "hep-ex",
    reportNumber = "CERN-EP-2019-140",
    doi = "10.1140/epjc/s10052-020-7997-4",
    journal = "Eur. Phys. J. C",
    volume = "80",
    number = "5",
    pages = "450",
    year = "2020"
}

@article{ATLAS:2019dpa,
    author = "Aad, Georges and others",
    collaboration = "ATLAS",
    title = "{Performance of electron and photon triggers in ATLAS during LHC Run 2}",
    eprint = "1909.00761",
    archivePrefix = "arXiv",
    primaryClass = "hep-ex",
    reportNumber = "CERN-EP-2019-169",
    doi = "10.1140/epjc/s10052-019-7500-2",
    journal = "Eur. Phys. J. C",
    volume = "80",
    number = "1",
    pages = "47",
    year = "2020"
}

@article{ATLAS:2019lff,
    author = "Aad, Georges and others",
    collaboration = "ATLAS",
    title = "{Search for electroweak production of charginos and sleptons decaying into final states with two leptons and missing transverse momentum in $\sqrt{s}=13$ TeV $pp$ collisions using the ATLAS detector}",
    eprint = "1908.08215",
    archivePrefix = "arXiv",
    primaryClass = "hep-ex",
    reportNumber = "CERN-EP-2019-106",
    doi = "10.1140/epjc/s10052-019-7594-6",
    journal = "Eur. Phys. J. C",
    volume = "80",
    number = "2",
    pages = "123",
    year = "2020"
}

@article{ATLAS:2019mke,
    author = "Aad, Georges and others",
    collaboration = "ATLAS",
    title = "{Search for flavour-changing neutral currents in processes with one top quark and a photon using 81 fb$^{-1}$ of $pp$ collisions at $\sqrt{s} = 13$ TeV with the ATLAS experiment}",
    eprint = "1908.08461",
    archivePrefix = "arXiv",
    primaryClass = "hep-ex",
    reportNumber = "CERN-EP-2019-155",
    doi = "10.1016/j.physletb.2019.135082",
    journal = "Phys. Lett. B",
    volume = "800",
    pages = "135082",
    year = "2020"
}

@article{ATLAS:2019hxz,
    author = "Aad, Georges and others",
    collaboration = "ATLAS",
    title = "{Measurements of top-quark pair differential and double-differential cross-sections in the $\ell$+jets channel with $pp$ collisions at $\sqrt{s}=13$ TeV using the ATLAS detector}",
    eprint = "1908.07305",
    archivePrefix = "arXiv",
    primaryClass = "hep-ex",
    reportNumber = "CERN-EP-2019-149",
    doi = "10.1140/epjc/s10052-019-7525-6",
    journal = "Eur. Phys. J. C",
    volume = "79",
    number = "12",
    pages = "1028",
    year = "2019",
    note = "[Erratum: Eur.Phys.J.C 80, 1092 (2020)]"
}

@article{ATLAS:2019vwv,
    author = "Aad, Georges and others",
    collaboration = "ATLAS",
    title = "{Search for non-resonant Higgs boson pair production in the $bb\ell\nu\ell\nu$ final state with the ATLAS detector in $pp$ collisions at $\sqrt{s} = 13$ TeV}",
    eprint = "1908.06765",
    archivePrefix = "arXiv",
    primaryClass = "hep-ex",
    reportNumber = "CERN-EP-2019-143",
    doi = "10.1016/j.physletb.2019.135145",
    journal = "Phys. Lett. B",
    volume = "801",
    pages = "135145",
    year = "2020"
}

@article{ATLAS:2019pid,
    author = "Aad, Georges and others",
    collaboration = "ATLAS",
    title = "{Measurement of angular and momentum distributions of charged particles within and around jets in Pb+Pb and $pp$ collisions at $\sqrt{s_{\mathrm{NN}}} = 5.02$ TeV with the ATLAS detector}",
    eprint = "1908.05264",
    archivePrefix = "arXiv",
    primaryClass = "nucl-ex",
    reportNumber = "CERN-EP-2019-158",
    doi = "10.1103/PhysRevC.100.064901",
    journal = "Phys. Rev. C",
    volume = "100",
    number = "6",
    pages = "064901",
    year = "2019",
    note = "[Erratum: Phys.Rev.C 101, 059903 (2020)]"
}

@article{ATLAS:2019gdh,
    author = "Aad, Georges and others",
    collaboration = "ATLAS",
    title = "{Search for bottom-squark pair production with the ATLAS detector in final states containing Higgs bosons, $b$-jets and missing transverse momentum}",
    eprint = "1908.03122",
    archivePrefix = "arXiv",
    primaryClass = "hep-ex",
    reportNumber = "CERN-EP-2019-142",
    doi = "10.1007/JHEP12(2019)060",
    journal = "JHEP",
    volume = "12",
    pages = "060",
    year = "2019"
}

@article{ATLAS:2019buk,
    author = "Aad, Georges and others",
    collaboration = "ATLAS",
    title = "{Measurement of the inclusive isolated-photon cross section in $pp$ collisions at $\sqrt{s}=13$ TeV using 36 fb$^{-1}$ of ATLAS data}",
    eprint = "1908.02746",
    archivePrefix = "arXiv",
    primaryClass = "hep-ex",
    reportNumber = "CERN-EP-2019-136",
    doi = "10.1007/JHEP10(2019)203",
    journal = "JHEP",
    volume = "10",
    pages = "203",
    year = "2019"
}

@article{ATLAS:2019qmc,
    author = "Aad, Georges and others",
    collaboration = "ATLAS",
    title = "{Electron and photon performance measurements with the ATLAS detector using the 2015\textendash{}2017 LHC proton-proton collision data}",
    eprint = "1908.00005",
    archivePrefix = "arXiv",
    primaryClass = "hep-ex",
    reportNumber = "CERN-EP-2019-145",
    doi = "10.1088/1748-0221/14/12/P12006",
    journal = "JINST",
    volume = "14",
    number = "12",
    pages = "P12006",
    year = "2019"
}

@article{ATLAS:2019pqg,
    author = "Aad, Georges and others",
    collaboration = "ATLAS",
    title = "{Measurement of $K_S^0$ and $\Lambda ^0$ production in $t \bar{t}$ dileptonic events in pp collisions at $\sqrt{s} =$ 7 TeV with the ATLAS detector}",
    eprint = "1907.10862",
    archivePrefix = "arXiv",
    primaryClass = "hep-ex",
    reportNumber = "CERN-EP-2019-112",
    doi = "10.1140/epjc/s10052-019-7512-y",
    journal = "Eur. Phys. J. C",
    volume = "79",
    number = "12",
    pages = "1017",
    year = "2019"
}

@article{ATLAS:2019ibd,
    author = "Aad, Georges and others",
    collaboration = "ATLAS",
    title = "{Measurement of $W^\pm $ boson production in Pb+Pb collisions at $\sqrt{s_{\mathrm{NN}}} = 5.02~\text {Te}\text {V}$ with the ATLAS detector}",
    eprint = "1907.10414",
    archivePrefix = "arXiv",
    primaryClass = "nucl-ex",
    reportNumber = "CERN-EP-2019-123",
    doi = "10.1140/epjc/s10052-019-7439-3",
    journal = "Eur. Phys. J. C",
    volume = "79",
    number = "11",
    pages = "935",
    year = "2019"
}

@article{ATLAS:2019fwx,
    author = "Aad, Georges and others",
    collaboration = "ATLAS",
    title = "{Search for displaced vertices of oppositely charged leptons from decays of long-lived particles in $pp$ collisions at $\sqrt {s}$ =13 TeV with the ATLAS detector}",
    eprint = "1907.10037",
    archivePrefix = "arXiv",
    primaryClass = "hep-ex",
    reportNumber = "CERN-EP-2019-139",
    doi = "10.1016/j.physletb.2019.135114",
    journal = "Phys. Lett. B",
    volume = "801",
    pages = "135114",
    year = "2020"
}

@article{ATLAS:2019dty,
    author = "Aad, Georges and others",
    collaboration = "ATLAS",
    title = "{Measurement of the jet mass in high transverse momentum  $Z(\rightarrow b\overline{b})\gamma$ production at $\sqrt{s}= 13$ TeV using the ATLAS detector}",
    eprint = "1907.07093",
    archivePrefix = "arXiv",
    primaryClass = "hep-ex",
    reportNumber = "CERN-EP-2019-115",
    doi = "10.1016/j.physletb.2020.135991",
    journal = "Phys. Lett. B",
    volume = "812",
    pages = "135991",
    year = "2021"
}

@article{ATLAS:2019bsa,
    author = "Aad, Georges and others",
    collaboration = "ATLAS",
    title = "{Measurement of the inclusive cross-section for the production of jets in association with a Z boson in proton-proton collisions at 8 TeV using the ATLAS detector}",
    eprint = "1907.06728",
    archivePrefix = "arXiv",
    primaryClass = "hep-ex",
    reportNumber = "CERN-EP-2019-133",
    doi = "10.1140/epjc/s10052-019-7321-3",
    journal = "Eur. Phys. J. C",
    volume = "79",
    number = "10",
    pages = "847",
    year = "2019"
}

@article{ATLAS:2019pmk,
    author = "Aad, Georges and others",
    collaboration = "ATLAS",
    title = "{Searches for lepton-flavour-violating decays of the Higgs boson in $\sqrt{s}=13$ TeV pp collisions with the ATLAS detector}",
    eprint = "1907.06131",
    archivePrefix = "arXiv",
    primaryClass = "hep-ex",
    reportNumber = "CERN-EP-2019-126",
    doi = "10.1016/j.physletb.2019.135069",
    journal = "Phys. Lett. B",
    volume = "800",
    pages = "135069",
    year = "2020"
}

@article{ATLAS:2019bwq,
    author = "Aad, Georges and others",
    collaboration = "ATLAS",
    title = "{ATLAS b-jet identification performance and efficiency measurement with $t{\bar{t}}$ events in pp collisions at $\sqrt{s}=13$ TeV}",
    eprint = "1907.05120",
    archivePrefix = "arXiv",
    primaryClass = "hep-ex",
    reportNumber = "CERN-EP-2019-132",
    doi = "10.1140/epjc/s10052-019-7450-8",
    journal = "Eur. Phys. J. C",
    volume = "79",
    number = "11",
    pages = "970",
    year = "2019"
}

@article{ATLAS:2019pvn,
    author = "Aad, Georges and others",
    collaboration = "ATLAS",
    title = "{Measurement of flow harmonics correlations with mean transverse momentum in lead-lead and proton-lead collisions at $\sqrt{s_{NN}}=5.02$ TeV with the ATLAS detector}",
    eprint = "1907.05176",
    archivePrefix = "arXiv",
    primaryClass = "nucl-ex",
    reportNumber = "CERN-EP-2019-130",
    doi = "10.1140/epjc/s10052-019-7489-6",
    journal = "Eur. Phys. J. C",
    volume = "79",
    number = "12",
    pages = "985",
    year = "2019"
}

@article{ATLAS:2019fyu,
    author = "Aad, Georges and others",
    collaboration = "ATLAS",
    title = "{Measurement of $W^{\pm }$-boson and Z-boson production cross-sections in pp collisions at $\sqrt{s}=2.76$ TeV with the ATLAS detector}",
    eprint = "1907.03567",
    archivePrefix = "arXiv",
    primaryClass = "hep-ex",
    reportNumber = "CERN-EP-2019-095",
    doi = "10.1140/epjc/s10052-019-7399-7",
    journal = "Eur. Phys. J. C",
    volume = "79",
    number = "11",
    pages = "901",
    year = "2019"
}

@article{ATLAS:2019tpq,
    author = "Aad, Georges and others",
    collaboration = "ATLAS",
    title = "{Search for heavy neutral Higgs bosons produced in association with $b$-quarks and decaying into $b$-quarks at $\sqrt{s}=13$ TeV with the ATLAS detector}",
    eprint = "1907.02749",
    archivePrefix = "arXiv",
    primaryClass = "hep-ex",
    reportNumber = "CERN-EP-2019-092",
    doi = "10.1103/PhysRevD.102.032004",
    journal = "Phys. Rev. D",
    volume = "102",
    number = "3",
    pages = "032004",
    year = "2020"
}

@article{ATLAS:2019mcj,
    author = "Aad, Georges and others",
    collaboration = "ATLAS",
    title = "{Resolution of the ATLAS muon spectrometer monitored drift tubes in LHC Run 2}",
    eprint = "1906.12226",
    archivePrefix = "arXiv",
    primaryClass = "hep-ex",
    reportNumber = "CERN-EP-2019-091",
    doi = "10.1088/1748-0221/14/09/P09011",
    journal = "JINST",
    volume = "14",
    number = "09",
    pages = "P09011",
    year = "2019"
}

@article{ATLAS:2019lwq,
    author = "Aad, Georges and others",
    collaboration = "ATLAS",
    title = "{Identification of boosted Higgs bosons decaying into $b$-quark pairs with the ATLAS detector at 13  $\text {TeV}$}",
    eprint = "1906.11005",
    archivePrefix = "arXiv",
    primaryClass = "hep-ex",
    reportNumber = "CERN-EP-2019-085",
    doi = "10.1140/epjc/s10052-019-7335-x",
    journal = "Eur. Phys. J. C",
    volume = "79",
    number = "10",
    pages = "836",
    year = "2019"
}

@article{ATLAS:2019rqw,
    author = "Aad, Georges and others",
    collaboration = "ATLAS",
    title = "{Properties of jet fragmentation using charged particles measured with the ATLAS detector in $pp$ collisions at $\sqrt{s}=13$ TeV}",
    eprint = "1906.09254",
    archivePrefix = "arXiv",
    primaryClass = "hep-ex",
    reportNumber = "CERN-EP-2019-090",
    doi = "10.1103/PhysRevD.100.052011",
    journal = "Phys. Rev. D",
    volume = "100",
    number = "5",
    pages = "052011",
    year = "2019"
}

@article{ATLAS:2019nat,
    author = "Aad, Georges and others",
    collaboration = "ATLAS",
    title = "{Search for diboson resonances in hadronic final states in 139 fb$^{-1}$ of $pp$ collisions at $\sqrt{s} = 13$ TeV with the ATLAS detector}",
    eprint = "1906.08589",
    archivePrefix = "arXiv",
    primaryClass = "hep-ex",
    reportNumber = "CERN-EP-2019-044",
    doi = "10.1007/JHEP09(2019)091",
    journal = "JHEP",
    volume = "09",
    pages = "091",
    year = "2019",
    note = "[Erratum: JHEP 06, 042 (2020)]"
}

@article{ATLAS:2019lsy,
    author = "Aad, Georges and others",
    collaboration = "ATLAS",
    title = "{Search for a heavy charged boson in events with a charged lepton and missing transverse momentum from $pp$ collisions at $\sqrt{s} = 13$ TeV with the ATLAS detector}",
    eprint = "1906.05609",
    archivePrefix = "arXiv",
    primaryClass = "hep-ex",
    reportNumber = "CERN-EP-2019-100",
    doi = "10.1103/PhysRevD.100.052013",
    journal = "Phys. Rev. D",
    volume = "100",
    number = "5",
    pages = "052013",
    year = "2019"
}

@article{ATLAS:2019qdc,
    author = "Aad, Georges and others",
    collaboration = "ATLAS",
    title = "{Combination of searches for Higgs boson pairs in $pp$ collisions at $\sqrt{s} = $13 TeV with the ATLAS detector}",
    eprint = "1906.02025",
    archivePrefix = "arXiv",
    primaryClass = "hep-ex",
    reportNumber = "CERN-EP-2019-099",
    doi = "10.1016/j.physletb.2019.135103",
    journal = "Phys. Lett. B",
    volume = "800",
    pages = "135103",
    year = "2020"
}

@article{ATLAS:2019wkg,
    author = "Aad, Georges and others",
    collaboration = "ATLAS",
    title = "{Search for Magnetic Monopoles and Stable High-Electric-Charge Objects in 13 Tev Proton-Proton Collisions with the ATLAS Detector}",
    eprint = "1905.10130",
    archivePrefix = "arXiv",
    primaryClass = "hep-ex",
    reportNumber = "CERN-EP-2019-084",
    doi = "10.1103/PhysRevLett.124.031802",
    journal = "Phys. Rev. Lett.",
    volume = "124",
    number = "3",
    pages = "031802",
    year = "2020"
}

@article{ATLAS:2019kpx,
    author = "Aad, Georges and others",
    collaboration = "ATLAS",
    title = "{Search for heavy neutral leptons in decays of $W$ bosons produced in 13 TeV $pp$ collisions using prompt and displaced signatures with the ATLAS detector}",
    eprint = "1905.09787",
    archivePrefix = "arXiv",
    primaryClass = "hep-ex",
    reportNumber = "CERN-EP-2019-071",
    doi = "10.1007/JHEP10(2019)265",
    journal = "JHEP",
    volume = "10",
    pages = "265",
    year = "2019"
}

@article{ATLAS:2019ocl,
    author = "Aad, Georges and others",
    collaboration = "ATLAS",
    title = "{Measurement of distributions sensitive to the underlying event in inclusive $Z$-boson production in pp collisions at $\sqrt{s} = 13$ TeV with the ATLAS detector}",
    eprint = "1905.09752",
    archivePrefix = "arXiv",
    primaryClass = "hep-ex",
    reportNumber = "CERN-EP-2019-064",
    doi = "10.1140/epjc/s10052-019-7162-0",
    journal = "Eur. Phys. J. C",
    volume = "79",
    number = "8",
    pages = "666",
    year = "2019"
}

@article{ATLAS:2019thr,
    author = "Aad, Georges and others",
    collaboration = "ATLAS",
    title = "{Search for the electroweak diboson production in association with a high-mass dijet system in semileptonic final states in $pp$ collisions at $\sqrt{s}=13$ TeV with the ATLAS detector}",
    eprint = "1905.07714",
    archivePrefix = "arXiv",
    primaryClass = "hep-ex",
    reportNumber = "CERN-EP-2019-072",
    doi = "10.1103/PhysRevD.100.032007",
    journal = "Phys. Rev. D",
    volume = "100",
    number = "3",
    pages = "032007",
    year = "2019"
}

@article{ATLAS:2019xhj,
    author = "Aaboud, Morad and others",
    collaboration = "ATLAS",
    title = "{Measurement of $ZZ$ production in the $\ell\ell\nu\nu$ final state with the ATLAS detector in $pp$ collisions at $\sqrt{s} = 13$ TeV}",
    eprint = "1905.07163",
    archivePrefix = "arXiv",
    primaryClass = "hep-ex",
    reportNumber = "CERN-EP-2019-066",
    doi = "10.1007/JHEP10(2019)127",
    journal = "JHEP",
    volume = "10",
    pages = "127",
    year = "2019"
}

@article{ATLAS:2019rob,
    author = "Aaboud, Morad and others",
    collaboration = "ATLAS",
    title = "{Measurement of fiducial and differential $W^+W^-$ production cross-sections at $\sqrt{s}=13$  TeV with the ATLAS detector}",
    eprint = "1905.04242",
    archivePrefix = "arXiv",
    primaryClass = "hep-ex",
    reportNumber = "CERN-EP-2019-055",
    doi = "10.1140/epjc/s10052-019-7371-6",
    journal = "Eur. Phys. J. C",
    volume = "79",
    number = "10",
    pages = "884",
    year = "2019"
}

@article{ATLAS:2019epb,
    author = "Aaboud, Morad and others",
    collaboration = "ATLAS",
    title = "{Modelling radiation damage to pixel sensors in the ATLAS detector}",
    eprint = "1905.03739",
    archivePrefix = "arXiv",
    primaryClass = "physics.ins-det",
    reportNumber = "CERN-EP-2019-061",
    doi = "10.1088/1748-0221/14/06/P06012",
    journal = "JINST",
    volume = "14",
    number = "06",
    pages = "P06012",
    year = "2019"
}

@article{ATLAS:2019guf,
    author = "Aad, Georges and others",
    collaboration = "ATLAS",
    title = "{Measurement of the top-quark mass in $t\bar{t}+1$-jet events collected with the ATLAS detector in $pp$ collisions at $\sqrt{s}=8$ TeV}",
    eprint = "1905.02302",
    archivePrefix = "arXiv",
    primaryClass = "hep-ex",
    reportNumber = "CERN-EP-2019-059",
    doi = "10.1007/JHEP11(2019)150",
    journal = "JHEP",
    volume = "11",
    pages = "150",
    year = "2019"
}

@article{ATLAS:2019isd,
    author = "Aaboud, Morad and others",
    collaboration = "ATLAS",
    title = "{Search for a right-handed gauge boson decaying into a high-momentum heavy neutrino and a charged lepton in $pp$ collisions with the ATLAS detector at $\sqrt{s}=13$ TeV}",
    eprint = "1904.12679",
    archivePrefix = "arXiv",
    primaryClass = "hep-ex",
    reportNumber = "CERN-EP-2019-052",
    doi = "10.1016/j.physletb.2019.134942",
    journal = "Phys. Lett. B",
    volume = "798",
    pages = "134942",
    year = "2019"
}

@article{ATLAS:2019fgb,
    author = "Aad, Georges and others",
    collaboration = "ATLAS",
    title = "{Measurement of the cross-section and charge asymmetry of $W$ bosons produced in proton\textendash{}proton collisions at $\sqrt{s}=8~\text {TeV}$ with the ATLAS detector}",
    eprint = "1904.05631",
    archivePrefix = "arXiv",
    primaryClass = "hep-ex",
    reportNumber = "CERN-EP-2019-053",
    doi = "10.1140/epjc/s10052-019-7199-0",
    journal = "Eur. Phys. J. C",
    volume = "79",
    number = "9",
    pages = "760",
    year = "2019"
}

@article{ATLAS:2019cid,
    author = "Aaboud, Morad and others",
    collaboration = "ATLAS",
    title = "{Combination of searches for invisible Higgs boson decays with the ATLAS experiment}",
    eprint = "1904.05105",
    archivePrefix = "arXiv",
    primaryClass = "hep-ex",
    reportNumber = "CERN-EP-2019-046",
    doi = "10.1103/PhysRevLett.122.231801",
    journal = "Phys. Rev. Lett.",
    volume = "122",
    number = "23",
    pages = "231801",
    year = "2019"
}

@article{ATLAS:2019peb,
    author = "Aaboud, Morad and others",
    collaboration = "ATLAS",
    title = "{Fluctuations of anisotropic flow in Pb+Pb collisions at $ \sqrt{{\mathrm{s}}_{\mathrm{NN}}} $ = 5.02 TeV with the ATLAS detector}",
    eprint = "1904.04808",
    archivePrefix = "arXiv",
    primaryClass = "nucl-ex",
    reportNumber = "CERN-EP-2019-023",
    doi = "10.1007/JHEP01(2020)051",
    journal = "JHEP",
    volume = "01",
    pages = "051",
    year = "2020"
}

@article{ATLAS:2019azn,
    author = "Aad, Georges and others",
    collaboration = "ATLAS",
    title = "{Observation of light-by-light scattering in ultraperipheral Pb+Pb collisions with the ATLAS detector}",
    eprint = "1904.03536",
    archivePrefix = "arXiv",
    primaryClass = "hep-ex",
    reportNumber = "CERN-EP-2019-051",
    doi = "10.1103/PhysRevLett.123.052001",
    journal = "Phys. Rev. Lett.",
    volume = "123",
    number = "5",
    pages = "052001",
    year = "2019"
}

@article{ATLAS:2019dbr,
    author = "Aad, Georges and others",
    collaboration = "ATLAS",
    title = "{Evidence for the production of three massive vectorbosons in $pp$ collisions with the ATLAS detector}",
    reportNumber = "ATL-PHYS-PROC-2019-054",
    doi = "10.22323/1.352.0135",
    journal = "PoS",
    volume = "DIS2019",
    pages = "135",
    year = "2019"
}

@article{ATLAS:2019dny,
    author = "Aad, Georges and others",
    collaboration = "ATLAS",
    title = "{Evidence for the production of three massive vector bosons with the ATLAS detector}",
    eprint = "1903.10415",
    archivePrefix = "arXiv",
    primaryClass = "hep-ex",
    reportNumber = "CERN-EP-2019-041",
    doi = "10.1016/j.physletb.2019.134913",
    journal = "Phys. Lett. B",
    volume = "798",
    pages = "134913",
    year = "2019"
}

@article{ATLAS:2019vrd,
    author = "Aad, Georges and others",
    collaboration = "ATLAS",
    title = "{Measurement of the production cross section for a Higgs boson in association with a vector boson in the $H \to WW^{\ast} \to \ell\nu\ell\nu$ channel in $pp$ collisions at $\sqrt{s}$ = 13 TeV with the ATLAS detector}",
    eprint = "1903.10052",
    archivePrefix = "arXiv",
    primaryClass = "hep-ex",
    reportNumber = "CERN-EP-2019-038",
    doi = "10.1016/j.physletb.2019.134949",
    journal = "Phys. Lett. B",
    volume = "798",
    pages = "134949",
    year = "2019"
}

@article{ATLAS:2019zrq,
    author = "Aaboud, Morad and others",
    collaboration = "ATLAS",
    title = "{Measurements of top-quark pair spin correlations in the $e\mu$ channel at $\sqrt{s} = 13$ TeV using $pp$ collisions in the ATLAS detector}",
    eprint = "1903.07570",
    archivePrefix = "arXiv",
    primaryClass = "hep-ex",
    reportNumber = "CERN-EP-2019-034",
    doi = "10.1140/epjc/s10052-020-8181-6",
    journal = "Eur. Phys. J. C",
    volume = "80",
    number = "8",
    pages = "754",
    year = "2020"
}

@article{ATLAS:2019erb,
    author = "Aad, Georges and others",
    collaboration = "ATLAS",
    title = "{Search for high-mass dilepton resonances using 139 fb$^{-1}$ of $pp$ collision data collected at $\sqrt{s}=$13 TeV with the ATLAS detector}",
    eprint = "1903.06248",
    archivePrefix = "arXiv",
    primaryClass = "hep-ex",
    reportNumber = "CERN-EP-2019-030",
    doi = "10.1016/j.physletb.2019.07.016",
    journal = "Phys. Lett. B",
    volume = "796",
    pages = "68--87",
    year = "2019"
}

@article{ATLAS:2019yhn,
    author = "Aaboud, Morad and others",
    collaboration = "ATLAS",
    title = "{Measurement of VH, $ \mathrm{H}\to \mathrm{b}\overline{\mathrm{b}} $ production as a function of the vector-boson transverse momentum in 13 TeV pp collisions with the ATLAS detector}",
    eprint = "1903.04618",
    archivePrefix = "arXiv",
    primaryClass = "hep-ex",
    reportNumber = "CERN-EP-2019-019",
    doi = "10.1007/JHEP05(2019)141",
    journal = "JHEP",
    volume = "05",
    pages = "141",
    year = "2019"
}

@article{ATLAS:2019kwg,
    author = "Aaboud, Morad and others",
    collaboration = "ATLAS",
    title = "{Measurement of jet-substructure observables in top quark, $W$ boson and light jet production in proton-proton collisions at $\sqrt{s}=13$ TeV with the ATLAS detector}",
    eprint = "1903.02942",
    archivePrefix = "arXiv",
    primaryClass = "hep-ex",
    reportNumber = "CERN-EP-2019-011",
    doi = "10.1007/JHEP08(2019)033",
    journal = "JHEP",
    volume = "08",
    pages = "033",
    year = "2019"
}

@article{ATLAS:2019wdu,
    author = "Aaboud, Morad and others",
    collaboration = "ATLAS",
    title = "{Constraints on mediator-based dark matter and scalar dark energy models using $\sqrt s = 13$ TeV $pp$ collision data collected by the ATLAS detector}",
    eprint = "1903.01400",
    archivePrefix = "arXiv",
    primaryClass = "hep-ex",
    reportNumber = "CERN-EP-2018-334",
    doi = "10.1007/JHEP05(2019)142",
    journal = "JHEP",
    volume = "05",
    pages = "142",
    year = "2019"
}

@article{ATLAS:2019qpq,
    author = "Aaboud, Morad and others",
    collaboration = "ATLAS",
    title = "{Searches for third-generation scalar leptoquarks in $\sqrt{s}$ = 13 TeV pp collisions with the ATLAS detector}",
    eprint = "1902.08103",
    archivePrefix = "arXiv",
    primaryClass = "hep-ex",
    reportNumber = "CERN-EP-2019-026",
    doi = "10.1007/JHEP06(2019)144",
    journal = "JHEP",
    volume = "06",
    pages = "144",
    year = "2019"
}

@article{ATLAS:2019hhu,
    author = "Aaboud, Morad and others",
    collaboration = "ATLAS, CMS",
    title = "{Combinations of single-top-quark production cross-section measurements and |f$_{LV}$V$_{tb}$| determinations at $ \sqrt{s} $ = 7 and 8 TeV with the ATLAS and CMS experiments}",
    eprint = "1902.07158",
    archivePrefix = "arXiv",
    primaryClass = "hep-ex",
    reportNumber = "CERN-EP-2019-005",
    doi = "10.1007/JHEP05(2019)088",
    journal = "JHEP",
    volume = "05",
    pages = "088",
    year = "2019"
}

@article{ATLAS:2019qrr,
    author = "Aaboud, Morad and others",
    collaboration = "ATLAS",
    title = "{Search for long-lived neutral particles in $pp$ collisions at $\sqrt{s}$ = 13 TeV that decay into displaced hadronic jets in the ATLAS calorimeter}",
    eprint = "1902.03094",
    archivePrefix = "arXiv",
    primaryClass = "hep-ex",
    reportNumber = "CERN-EP-2018-351",
    doi = "10.1140/epjc/s10052-019-6962-6",
    journal = "Eur. Phys. J. C",
    volume = "79",
    number = "6",
    pages = "481",
    year = "2019"
}

@article{ATLAS:2019itm,
    author = "Aaboud, Morad and others",
    collaboration = "ATLAS",
    title = "{Search for low-mass resonances decaying into two jets and produced in association with a photon using $pp$ collisions at $\sqrt{s} = 13$ TeV with the ATLAS detector}",
    eprint = "1901.10917",
    archivePrefix = "arXiv",
    primaryClass = "hep-ex",
    reportNumber = "CERN-EP-2018-347",
    doi = "10.1016/j.physletb.2019.03.067",
    journal = "Phys. Lett. B",
    volume = "795",
    pages = "56--75",
    year = "2019"
}

@article{ATLAS:2019drj,
    author = "Aaboud, Morad and others",
    collaboration = "ATLAS",
    title = "{Measurement of the ratio of cross sections for inclusive isolated-photon production in $pp$ collisions at $\sqrt s = 13$ and $8$ TeV with the ATLAS detector}",
    eprint = "1901.10075",
    archivePrefix = "arXiv",
    primaryClass = "hep-ex",
    reportNumber = "CERN-EP-2018-340",
    doi = "10.1007/JHEP04(2019)093",
    journal = "JHEP",
    volume = "04",
    pages = "093",
    year = "2019"
}
